<?xml version="1.0" encoding="UTF-8"?>
<Metadata>
<MetadataRecord xmlns="http://theeuropeanlibrary.org/internal_object_model" ID="2000048637586"><BibliographicLevelObject OrderIndex="41">MONOGRAPH</BibliographicLevelObject><CatalogingFormObject OrderIndex="40">ISBD</CatalogingFormObject><TitleObject OrderIndex="47" TitleType="MAIN"><Title>Iwan Kiriejewski - krytyk i myśliciel</Title><SubTitle>(korzenie rosyjskiego nacjonalizmu)</SubTitle></TitleObject><IdentifierObject IdentifierType="LOCAL_IDENTIFIER" OrderIndex="32"><Identifier>b10313175</Identifier></IdentifierObject><IdentifierObject IdentifierType="OAIPMH" OrderIndex="34"><Identifier>urn:theeuropeanlibrary.org:a0232:b10313175</Identifier></IdentifierObject><IdentifierObject IdentifierType="LOCAL_IDENTIFIER" OrderIndex="43"><Identifier>b10313175</Identifier><Scope>a0232</Scope></IdentifierObject><IdentifierObject IdentifierType="ISBN" OrderIndex="44"><Identifier>8323104220</Identifier></IdentifierObject><IdentifierObject IdentifierType="NBN" OrderIndex="45"><Identifier>PB 7128/93</Identifier></IdentifierObject><IdentifierObject ContextLevel="RECORD" FieldSource="TEL" OrderIndex="63" SpatialIdentifierType="TEL"><Identifier>1000006247722</Identifier><Scope>TEL</Scope></IdentifierObject><IdentifierObject ContextLevel="CONTENT" FieldSource="TEL" OrderIndex="64" SpatialIdentifierType="TEL"><Identifier>1000004111306</Identifier><Scope>TEL</Scope></IdentifierObject><IdentifierObject ContextLevel="CONTENT" FieldSource="TEL" KnowledgeOrganizationSystem="CERIF" OrderIndex="65"><Identifier>H004</Identifier></IdentifierObject><IllustrationsObject OrderIndex="39">NO_ILLUSTRATIONS</IllustrationsObject><SpatialEntityObject OrderIndex="53" SpatialRelation="PUBLICATION"><Identifiers><Identifier>PL</Identifier><Scope>ISO3166</Scope></Identifiers></SpatialEntityObject><NamedPlaceObject OrderIndex="51" SpatialRelation="PUBLICATION"><Identifiers><Identifier>1000006247722</Identifier><Scope>TEL</Scope></Identifiers><PlaceName>Toruń</PlaceName></NamedPlaceObject><PrintTypeObject OrderIndex="38">PRINTED</PrintTypeObject><ProvenanceObject OrderIndex="35"><CollectionId>a0232</CollectionId><ProviderId>P01214</ProviderId></ProvenanceObject><StatusObject OrderIndex="31">UPDATED</StatusObject><TextObject OrderIndex="46" TextRelation="STATEMENT_OF_RESPONSIBILITY"><Content>Adam Bezwiński.</Content></TextObject><TextObject OrderIndex="59" TextRelation="EXTENT"><Content>151 s. ;</Content></TextObject><TextObject OrderIndex="60" TextRelation="EXTENT"><Content>24 cm.</Content></TextObject><TextObject OrderIndex="61" TextRelation="DESCRIPTION"><Content>Indeks. - Zsfassung.</Content></TextObject><OrganizationObject OrderIndex="52" PartyRelation="PUBLISHER"><PartyName>UMK</PartyName></OrganizationObject><LanguageObject LanguageRelation="LANGUAGE_OF_CONTENT" OrderIndex="50">POL</LanguageObject><ResourceTypeObject OrderIndex="37">TEXT</ResourceTypeObject><TopicObject KnowledgeOrganizationSystem="UDC" OrderIndex="54"><TopicName>82(091):930.1](47+57)"18":947+957:929"18"A/Z</TopicName></TopicObject><TopicObject OrderIndex="56"><GeneralSubdivision>historia</GeneralSubdivision><GeographicSubdivision><NamedPlace><Identifiers><Identifier>1000004111306</Identifier><Scope>TEL</Scope></Identifiers><PlaceName>Rosja</PlaceName></NamedPlace></GeographicSubdivision><TopicName>Historiozofia</TopicName></TopicObject><TopicObject OrderIndex="57"><GeneralSubdivision>historia</GeneralSubdivision><ChronologicalSubdivision><Instant><Time>-61567776000000</Time><Granularity>YEAR</Granularity><Uncertain>false</Uncertain></Instant></ChronologicalSubdivision><TopicName>Krytyka literacka rosyjska</TopicName></TopicObject><TopicObject OrderIndex="58"><GeographicSubdivision><NamedPlace><Identifiers><Identifier>1000004111306</Identifier><Scope>TEL</Scope></Identifiers><PlaceName>Rosja</PlaceName></NamedPlace></GeographicSubdivision><TopicName>Słowianofilstwo</TopicName></TopicObject><AudienceObject OrderIndex="42">UNKNOW</AudienceObject><InstantObject OrderIndex="33" TemporalRelation="OP_LOADED"><Time>1358933468000</Time><Granularity>SECOND</Granularity><Uncertain>false</Uncertain></InstantObject><InstantObject OrderIndex="49" TemporalRelation="PUBLICATION"><Time>725846400000</Time><Granularity>YEAR</Granularity><Uncertain>false</Uncertain></InstantObject><MetadataObject FieldSource="PROVIDER" Format="marc21" OrderIndex="36"><record xmlns="info:lc/xmlns/marcxchange-v1"><leader>01208nam a2200325 i 4500</leader><controlfield tag="001">b10313175</controlfield><controlfield tag="008">970510s1993    pl           |001 0 pol  </controlfield><datafield ind1=" " ind2=" " tag="015"><subfield code="a">PB 7128/93</subfield></datafield><datafield ind1=" " ind2=" " tag="020"><subfield code="a">8323104220</subfield></datafield><datafield ind1=" " ind2=" " tag="040"><subfield code="a">WA N</subfield><subfield code="c">WA N</subfield></datafield><datafield ind1="0" ind2=" " tag="041"><subfield code="a">pol</subfield><subfield code="b">ger</subfield></datafield><datafield ind1=" " ind2=" " tag="080"><subfield code="a">82(091):930.1](47+57)"18":947+957:929"18"A/Z</subfield></datafield><datafield ind1="1" ind2=" " tag="100"><subfield code="a">Bezwiński, Adam</subfield><subfield code="d">(1941- ).</subfield></datafield><datafield ind1="1" ind2="0" tag="245"><subfield code="a">Iwan Kiriejewski - krytyk i myśliciel :</subfield><subfield code="b">(korzenie rosyjskiego nacjonalizmu) /</subfield><subfield code="c">Adam Bezwiński.</subfield></datafield><datafield ind1=" " ind2=" " tag="260"><subfield code="a">Toruń :</subfield><subfield code="b">UMK,</subfield><subfield code="c">1993</subfield><subfield code="e">(Inowr. :</subfield><subfield code="f">"Pozkal").</subfield></datafield><datafield ind1=" " ind2=" " tag="300"><subfield code="a">151 s. ;</subfield><subfield code="c">24 cm.</subfield></datafield><datafield ind1="1" ind2=" " tag="490"><subfield code="a">Rozprawy / Uniwersytet Mikołaja Kopernika</subfield></datafield><datafield ind1=" " ind2=" " tag="504"><subfield code="a">Indeks. - Zsfassung.</subfield></datafield><datafield ind1="1" ind2="4" tag="600"><subfield code="a">Kireevskij, Ivan Vasilevič</subfield><subfield code="d">(1806-1856)</subfield></datafield><datafield ind1=" " ind2="4" tag="650"><subfield code="a">Historiozofia</subfield><subfield code="x">historia</subfield><subfield code="z">Rosja</subfield></datafield><datafield ind1=" " ind2="4" tag="650"><subfield code="a">Krytyka literacka rosyjska</subfield><subfield code="x">historia</subfield><subfield code="y">19 w.</subfield></datafield><datafield ind1=" " ind2="4" tag="650"><subfield code="a">Słowianofilstwo</subfield><subfield code="z">Rosja</subfield></datafield><datafield ind1=" " ind2="0" tag="830"><subfield code="a">Rozprawy - Uniwersytet Mikołaja Kopernika</subfield></datafield><datafield ind1=" " ind2=" " tag="902"><subfield code="a">121218</subfield><subfield code="c">980826</subfield><subfield code="d">m</subfield><subfield code="e">a</subfield><subfield code="f">b</subfield><subfield code="g">0</subfield></datafield><datafield ind1=" " ind2=" " tag="907"><subfield code="b">bk   </subfield><subfield code="c">b</subfield></datafield><datafield ind1=" " ind2=" " tag="920"><subfield code="a">83-231-0422-0</subfield></datafield><datafield ind1=" " ind2=" " tag="960"><subfield code="a">II 1.723.497</subfield><subfield code="c">bk   </subfield><subfield code="d">30001007893597</subfield><subfield code="h">1993 e 6856/34</subfield><subfield code="i">Z 0,00</subfield><subfield code="l">-</subfield><subfield code="o">1</subfield></datafield><datafield ind1=" " ind2=" " tag="960"><subfield code="a">II 1.802.735 A</subfield><subfield code="c">bk   </subfield><subfield code="d">30001004577831</subfield><subfield code="h">1993 e 6856/33</subfield><subfield code="i">Z 0,00</subfield><subfield code="l">-</subfield><subfield code="o">0</subfield><subfield code="x">odkwaszono 2007</subfield></datafield><datafield ind1=" " ind2=" " tag="996"><subfield code="a">.b10313175</subfield></datafield><datafield ind1=" " ind2=" " tag="998"><subfield code="a">ik</subfield><subfield code="a">o</subfield></datafield></record>