</MetadataObject><PersonObject OrderIndex="48" PartyRelation="CREATOR"><PartyName>Adam Bezwiński</PartyName><LifePeriod><Start><Time>-915152400000</Time><Granularity>YEAR</Granularity><Uncertain>false</Uncertain></Start></LifePeriod><FirstNames>Adam</FirstNames><Surname>Bezwiński</Surname></PersonObject><PersonObject OrderIndex="55" PartyRelation="SUBJECT"><PartyName>Ivan Vasilevič Kireevskij</PartyName><LifePeriod><Start><Time>-5175360000000</Time><Granularity>YEAR</Granularity><Uncertain>false</Uncertain></Start><End><Time>-3597523200000</Time><Granularity>YEAR</Granularity><Uncertain>false</Uncertain></End></LifePeriod><FirstNames>Ivan Vasilevič</FirstNames><Surname>Kireevskij</Surname></PersonObject><LinkObject FieldSource="TEL" LinkTarget="CATALOGUE_RECORD" OrderIndex="62"><Url>http://alpha.bn.org.pl/record=b1031317*pol</Url><LinkStatus>NOT_CHECKED</LinkStatus></LinkObject></MetadataRecord>
<MetadataRecord xmlns="http://theeuropeanlibrary.org/internal_object_model" ID="2000048637572"><BibliographicLevelObject OrderIndex="45">MONOGRAPH</BibliographicLevelObject><CatalogingFormObject OrderIndex="44">ISBD</CatalogingFormObject><TitleObject OrderIndex="51" TitleType="MAIN"><Title>Język rosyjski</Title><SubTitle>podręcznik dla kl. ósmej szkoły podstawowej</SubTitle></TitleObject><IdentifierObject IdentifierType="LOCAL_IDENTIFIER" OrderIndex="35"><Identifier>b10313035</Identifier></IdentifierObject><IdentifierObject IdentifierType="OAIPMH" OrderIndex="37"><Identifier>urn:theeuropeanlibrary.org:a0232:b10313035</Identifier></IdentifierObject><IdentifierObject IdentifierType="LOCAL_IDENTIFIER" OrderIndex="47"><Identifier>b10313035</Identifier><Scope>a0232</Scope></IdentifierObject><IdentifierObject IdentifierType="ISBN" OrderIndex="48"><Identifier>8302051659</Identifier></IdentifierObject><IdentifierObject IdentifierType="NBN" OrderIndex="49"><Identifier>PB 7112/93</Identifier></IdentifierObject><IdentifierObject ContextLevel="RECORD" FieldSource="TEL" OrderIndex="69" PartyIdentifierType="TEL"><Identifier>1000021204439</Identifier><Scope>TEL</Scope></IdentifierObject><IdentifierObject ContextLevel="RECORD" FieldSource="TEL" OrderIndex="70" PartyIdentifierType="TEL"><Identifier>1000022269002</Identifier><Scope>TEL</Scope></IdentifierObject><IdentifierObject ContextLevel="RECORD" FieldSource="TEL" OrderIndex="71" PartyIdentifierType="TEL"><Identifier>1000021269173</Identifier><Scope>TEL</Scope></IdentifierObject><IdentifierObject ContextLevel="RECORD" FieldSource="TEL" OrderIndex="72" PartyIdentifierType="TEL"><Identifier>3000002626016</Identifier><Scope>TEL</Scope></IdentifierObject><IdentifierObject ContextLevel="RECORD" FieldSource="TEL" OrderIndex="73" PartyIdentifierType="TEL"><Identifier>3000003998935</Identifier><Scope>TEL</Scope></IdentifierObject><IdentifierObject ContextLevel="RECORD" FieldSource="TEL" OrderIndex="74" PartyIdentifierType="TEL"><Identifier>3000002703576</Identifier><Scope>TEL</Scope></IdentifierObject><IdentifierObject ContextLevel="RECORD" FieldSource="TEL" OrderIndex="75" PartyIdentifierType="TEL"><Identifier>1000015878557</Identifier><Scope>TEL</Scope></IdentifierObject><IdentifierObject ContextLevel="RECORD" FieldSource="TEL" OrderIndex="76" PartyIdentifierType="TEL"><Identifier>1000021115885</Identifier><Scope>TEL</Scope></IdentifierObject><IdentifierObject ContextLevel="RECORD" FieldSource="TEL" OrderIndex="77" SpatialIdentifierType="TEL"><Identifier>1000001587202</Identifier><Scope>TEL</Scope></IdentifierObject><IdentifierObject ContextLevel="CONTENT" FieldSource="TEL" KnowledgeOrganizationSystem="CERIF" OrderIndex="78"><Identifier>H004</Identifier></IdentifierObject><IllustrationsObject OrderIndex="42">ILLUSTRATIONS</IllustrationsObject><IllustrationsObject OrderIndex="43">NO_ILLUSTRATIONS</IllustrationsObject><SpatialEntityObject OrderIndex="60" SpatialRelation="PUBLICATION"><Identifiers><Identifier>PL</Identifier><Scope>ISO3166</Scope></Identifiers></SpatialEntityObject><NamedPlaceObject OrderIndex="58" SpatialRelation="PUBLICATION"><Identifiers><Identifier>1000001587202</Identifier><Scope>TEL</Scope></Identifiers><PlaceName>Warszawa</PlaceName></NamedPlaceObject><PrintTypeObject OrderIndex="41">PRINTED</PrintTypeObject><ProvenanceObject OrderIndex="38"><CollectionId>a0232</CollectionId><ProviderId>P01214</ProviderId></ProvenanceObject><StatusObject OrderIndex="34">UPDATED</StatusObject><TextObject OrderIndex="50" TextRelation="STATEMENT_OF_RESPONSIBILITY"><Content>Wanda Bychawska, Maria Działowska, Genowefa Szydełko.</Content></TextObject><TextObject OrderIndex="64" TextRelation="FORMAT_UNCONTROLED"><Content>il., fot. (w tym kolor.), nuty, 1 pl., portr. ;</Content></TextObject><TextObject OrderIndex="65" TextRelation="EXTENT"><Content>127 s. :</Content></TextObject><TextObject OrderIndex="66" TextRelation="EXTENT"><Content>20 cm.</Content></TextObject><TextObject OrderIndex="67" TextRelation="DESCRIPTION"><Content>Bibliogr. s. 125.</Content></TextObject><OrganizationObject OrderIndex="55" PartyRelation="CONTRIBUTOR"><PartyName>Wydawnictwa Szkolne i Pedagogiczne.</PartyName><Identifiers><Identifier>1000021115885</Identifier><Scope>TEL</Scope></Identifiers><Identifiers><Identifier>3000003998935</Identifier><Scope>TEL</Scope></Identifiers><Subdivision/></OrganizationObject><OrganizationObject OrderIndex="59" PartyRelation="PUBLISHER"><PartyName>Wydawnictwa Szkolne i Pedagogiczne</PartyName><Identifiers><Identifier>1000022269002</Identifier><Scope>TEL</Scope></Identifiers><Identifiers><Identifier>3000002703576</Identifier><Scope>TEL</Scope></Identifiers><Identifiers><Identifier>3000002626016</Identifier><Scope>TEL</Scope></Identifiers></OrganizationObject><LanguageObject LanguageRelation="LANGUAGE_OF_CONTENT" OrderIndex="57">RUS</LanguageObject><ResourceTypeObject OrderIndex="40">TEXT</ResourceTypeObject><TopicObject KnowledgeOrganizationSystem="UDC" OrderIndex="61"><TopicName>808.2(075.2)</TopicName></TopicObject><TopicObject OrderIndex="62"><GeneralSubdivision>szkoły podstawowe</GeneralSubdivision><TopicName>Język rosyjski</TopicName></TopicObject><TopicObject OrderIndex="63"><TopicName>Podręczniki dla szkół podstawowych</TopicName></TopicObject><AudienceObject OrderIndex="46">UNKNOW</AudienceObject><InstantObject OrderIndex="36" TemporalRelation="OP_LOADED"><Time>1358933466000</Time><Granularity>SECOND</Granularity><Uncertain>false</Uncertain></InstantObject><InstantObject OrderIndex="56" TemporalRelation="PUBLICATION"><Time>725846400000</Time><Granularity>YEAR</Granularity><Uncertain>false</Uncertain></InstantObject><MetadataObject FieldSource="PROVIDER" Format="marc21" OrderIndex="39"><record xmlns="info:lc/xmlns/marcxchange-v1"><leader>01160nam a2200301 i 4500</leader><controlfield tag="001">b10313035</controlfield><controlfield tag="008">970510s1993    pl a         |000 0 rus  </controlfield><datafield ind1=" " ind2=" " tag="015"><subfield code="a">PB 7112/93</subfield></datafield><datafield ind1=" " ind2=" " tag="020"><subfield code="a">8302051659</subfield></datafield><datafield ind1=" " ind2=" " tag="040"><subfield code="a">WA N</subfield><subfield code="c">WA N</subfield></datafield><datafield ind1=" " ind2=" " tag="080"><subfield code="a">808.2(075.2)</subfield></datafield><datafield ind1="1" ind2=" " tag="100"><subfield code="a">Bychawska, Wanda.</subfield></datafield><datafield ind1="1" ind2="0" tag="245"><subfield code="a">Język rosyjski :</subfield><subfield code="b">podręcznik dla kl. ósmej szkoły podstawowej /</subfield><subfield code="c">Wanda Bychawska, Maria Działowska, Genowefa Szydełko.</subfield></datafield><datafield ind1=" " ind2=" " tag="260"><subfield code="a">Warszawa :</subfield><subfield code="b">Wydawnictwa Szkolne i Pedagogiczne,</subfield><subfield code="c">1993</subfield><subfield code="e">(Bydg. :</subfield><subfield code="f">ZGKEN).</subfield></datafield><datafield ind1=" " ind2=" " tag="300"><subfield code="a">127 s. :</subfield><subfield code="b">il., fot. (w tym kolor.), nuty, 1 pl., portr. ;</subfield><subfield code="c">20 cm.</subfield></datafield><datafield ind1=" " ind2=" " tag="504"><subfield code="a">Bibliogr. s. 125.</subfield></datafield><datafield ind1=" " ind2="4" tag="650"><subfield code="a">Język rosyjski</subfield><subfield code="x">szkoły podstawowe</subfield></datafield><datafield ind1=" " ind2="4" tag="655"><subfield code="a">Podręczniki dla szkół podstawowych</subfield></datafield><datafield ind1="1" ind2=" " tag="700"><subfield code="a">Działowska, Maria.</subfield></datafield><datafield ind1="1" ind2=" " tag="700"><subfield code="a">Szydełko, Genowefa.</subfield></datafield><datafield ind1="2" ind2=" " tag="710"><subfield code="a">Wydawnictwa Szkolne i Pedagogiczne.</subfield><subfield code="e">Wyd.</subfield></datafield><datafield ind1=" " ind2=" " tag="902"><subfield code="a">121211</subfield><subfield code="c">980826</subfield><subfield code="d">m</subfield><subfield code="e">a</subfield><subfield code="f">b</subfield><subfield code="g">0</subfield></datafield><datafield ind1=" " ind2=" " tag="907"><subfield code="b">bk   </subfield><subfield code="c">b</subfield></datafield><datafield ind1=" " ind2=" " tag="920"><subfield code="a">83-02-05165-9</subfield></datafield><datafield ind1=" " ind2=" " tag="960"><subfield code="a">II 1.723.526</subfield><subfield code="c">bk   </subfield><subfield code="d">30001008052764</subfield><subfield code="h">1993 e 7080/158</subfield><subfield code="i">Z 0,00</subfield><subfield code="l">-</subfield><subfield code="o">1</subfield></datafield><datafield ind1=" " ind2=" " tag="960"><subfield code="a">II 1.802.764 A</subfield><subfield code="c">bk   </subfield><subfield code="d">30001004578128</subfield><subfield code="h">1993 e 7080/157</subfield><subfield code="i">Z 0,00</subfield><subfield code="l">-</subfield><subfield code="o">0</subfield><subfield code="x">odkwaszono 2007</subfield></datafield><datafield ind1=" " ind2=" " tag="996"><subfield code="a">.b10313035</subfield></datafield><datafield ind1=" " ind2=" " tag="998"><subfield code="a">ik</subfield><subfield code="a">o</subfield></datafield></record>