</MetadataObject><PersonObject OrderIndex="52" PartyRelation="CREATOR"><PartyName>Wanda. Bychawska</PartyName><Identifiers><Identifier>1000015878557</Identifier><Scope>TEL</Scope></Identifiers><FirstNames>Wanda.</FirstNames><Surname>Bychawska</Surname></PersonObject><PersonObject OrderIndex="53" PartyRelation="CONTRIBUTOR"><PartyName>Maria. Działowska</PartyName><Identifiers><Identifier>1000021269173</Identifier><Scope>TEL</Scope></Identifiers><FirstNames>Maria.</FirstNames><Surname>Działowska</Surname></PersonObject><PersonObject OrderIndex="54" PartyRelation="CONTRIBUTOR"><PartyName>Genowefa. Szydełko</PartyName><Identifiers><Identifier>1000021204439</Identifier><Scope>TEL</Scope></Identifiers><FirstNames>Genowefa.</FirstNames><Surname>Szydełko</Surname></PersonObject><LinkObject FieldSource="TEL" LinkTarget="CATALOGUE_RECORD" OrderIndex="68"><Url>http://alpha.bn.org.pl/record=b1031303*pol</Url><LinkStatus>NOT_CHECKED</LinkStatus></LinkObject></MetadataRecord>
<MetadataRecord xmlns="http://theeuropeanlibrary.org/internal_object_model" ID="2000048637496"><BibliographicLevelObject OrderIndex="40">MONOGRAPH</BibliographicLevelObject><CatalogingFormObject OrderIndex="39">ISBD</CatalogingFormObject><TitleObject OrderIndex="45" TitleType="MAIN"><Title>Bezrobocie w okresie przemian systemowych gospodarki polskiej</Title></TitleObject><IdentifierObject IdentifierType="LOCAL_IDENTIFIER" OrderIndex="30"><Identifier>b10312213</Identifier></IdentifierObject><IdentifierObject IdentifierType="OAIPMH" OrderIndex="32"><Identifier>urn:theeuropeanlibrary.org:a0232:b10312213</Identifier></IdentifierObject><IdentifierObject IdentifierType="LOCAL_IDENTIFIER" OrderIndex="42"><Identifier>b10312213</Identifier><Scope>a0232</Scope></IdentifierObject><IdentifierObject IdentifierType="ISBN" OrderIndex="43"><Identifier>8304041278</Identifier></IdentifierObject><IdentifierObject IdentifierType="NBN" OrderIndex="44"><Identifier>PB 7028/93</Identifier></IdentifierObject><IdentifierObject ContextLevel="RECORD" FieldSource="TEL" OrderIndex="59" PartyIdentifierType="TEL"><Identifier>2000077582715</Identifier><Scope>TEL</Scope></IdentifierObject><IdentifierObject ContextLevel="RECORD" FieldSource="TEL" OrderIndex="60" PartyIdentifierType="TEL"><Identifier>3000003152402</Identifier><Scope>TEL</Scope></IdentifierObject><IdentifierObject ContextLevel="RECORD" FieldSource="TEL" OrderIndex="61" PartyIdentifierType="TEL"><Identifier>1000015770745</Identifier><Scope>TEL</Scope></IdentifierObject><IdentifierObject ContextLevel="RECORD" FieldSource="TEL" OrderIndex="62" PartyIdentifierType="TEL"><Identifier>1000006070594</Identifier><Scope>TEL</Scope></IdentifierObject><IdentifierObject ContextLevel="CONTENT" FieldSource="TEL" KnowledgeOrganizationSystem="CERIF" OrderIndex="63"><Identifier>S210</Identifier></IdentifierObject><IllustrationsObject OrderIndex="37">ILLUSTRATIONS</IllustrationsObject><IllustrationsObject OrderIndex="38">NO_ILLUSTRATIONS</IllustrationsObject><SpatialEntityObject OrderIndex="51" SpatialRelation="PUBLICATION"><Identifiers><Identifier>PL</Identifier><Scope>ISO3166</Scope></Identifiers></SpatialEntityObject><NamedPlaceObject OrderIndex="49" SpatialRelation="PUBLICATION"><PlaceName>Wrocław ; Kraków [etc.]</PlaceName></NamedPlaceObject><PrintTypeObject OrderIndex="36">PRINTED</PrintTypeObject><ProvenanceObject OrderIndex="33"><CollectionId>a0232</CollectionId><ProviderId>P01214</ProviderId></ProvenanceObject><StatusObject OrderIndex="29">UPDATED</StatusObject><TextObject OrderIndex="54" TextRelation="FORMAT_UNCONTROLED"><Content>mapy, wykr. ;</Content></TextObject><TextObject OrderIndex="55" TextRelation="EXTENT"><Content>98, [1] s. :</Content></TextObject><TextObject OrderIndex="56" TextRelation="EXTENT"><Content>24 cm.</Content></TextObject><TextObject OrderIndex="57" TextRelation="DESCRIPTION"><Content>Bibliogr. s. 94-97. - Summ.</Content></TextObject><OrganizationObject OrderIndex="50" PartyRelation="PUBLISHER"><PartyName>Zakład Narodowy im. Ossolińskich</PartyName></OrganizationObject><LanguageObject LanguageRelation="LANGUAGE_OF_CONTENT" OrderIndex="48">POL</LanguageObject><ResourceTypeObject OrderIndex="35">TEXT</ResourceTypeObject><TopicObject KnowledgeOrganizationSystem="UDC" OrderIndex="52"><TopicName>331.56/.57(438)"1989/..."</TopicName></TopicObject><TopicObject OrderIndex="53"><ChronologicalSubdivision><Instant><Time>599616000000</Time><Granularity>YEAR</Granularity><Uncertain>false</Uncertain></Instant></ChronologicalSubdivision><GeographicSubdivision><NamedPlace><PlaceName>Polska</PlaceName></NamedPlace></GeographicSubdivision><TopicName>Bezrobocie</TopicName></TopicObject><AudienceObject OrderIndex="41">UNKNOW</AudienceObject><InstantObject OrderIndex="31" TemporalRelation="OP_LOADED"><Time>1358933468000</Time><Granularity>SECOND</Granularity><Uncertain>false</Uncertain></InstantObject><InstantObject OrderIndex="47" TemporalRelation="PUBLICATION"><Time>725846400000</Time><Granularity>YEAR</Granularity><Uncertain>false</Uncertain></InstantObject><MetadataObject FieldSource="PROVIDER" Format="marc21" OrderIndex="34"><record xmlns="info:lc/xmlns/marcxchange-v1"><leader>01179nam a2200289 i 4500</leader><controlfield tag="001">b10312213</controlfield><controlfield tag="008">970510s1993    pl a         |000 0 pol  </controlfield><datafield ind1=" " ind2=" " tag="015"><subfield code="a">PB 7028/93</subfield></datafield><datafield ind1=" " ind2=" " tag="020"><subfield code="a">8304041278</subfield></datafield><datafield ind1=" " ind2=" " tag="040"><subfield code="a">WA N</subfield><subfield code="c">WA N</subfield></datafield><datafield ind1="0" ind2=" " tag="041"><subfield code="a">pol</subfield><subfield code="b">eng</subfield></datafield><datafield ind1=" " ind2=" " tag="080"><subfield code="a">331.56/.57(438)"1989/..."</subfield></datafield><datafield ind1="1" ind2=" " tag="100"><subfield code="a">Dach, Zofia</subfield><subfield code="d">(1940- ).</subfield></datafield><datafield ind1="1" ind2="0" tag="245"><subfield code="a">Bezrobocie w okresie przemian systemowych gospodarki polskiej /</subfield><subfield code="c">Zofia Dach.</subfield></datafield><datafield ind1=" " ind2=" " tag="260"><subfield code="a">Wrocław ; Kraków [etc.] :</subfield><subfield code="b">Zakład Narodowy im. Ossolińskich,</subfield><subfield code="c">1993</subfield><subfield code="e">(Biel. Biała :</subfield><subfield code="f">BZG).</subfield></datafield><datafield ind1=" " ind2=" " tag="300"><subfield code="a">98, [1] s. :</subfield><subfield code="b">mapy, wykr. ;</subfield><subfield code="c">24 cm.</subfield></datafield><datafield ind1="1" ind2=" " tag="490"><subfield code="a">Prace Komisji Nauk Ekonomicznych / Polska Akademia Nauk. Oddział w Krakowie,</subfield><subfield code="x">0079-3353 ;</subfield><subfield code="v">nr 16</subfield></datafield><datafield ind1=" " ind2=" " tag="504"><subfield code="a">Bibliogr. s. 94-97. - Summ.</subfield></datafield><datafield ind1=" " ind2="4" tag="650"><subfield code="a">Bezrobocie</subfield><subfield code="z">Polska</subfield><subfield code="y">od 1989 r.</subfield></datafield><datafield ind1=" " ind2="0" tag="830"><subfield code="a">Prace Komisji Nauk Ekonomicznych - Polska Akademia Nauk. Oddział w Krakowie ;</subfield><subfield code="v">nr 16</subfield></datafield><datafield ind1=" " ind2=" " tag="902"><subfield code="a">121218</subfield><subfield code="c">980826</subfield><subfield code="d">m</subfield><subfield code="e">a</subfield><subfield code="f">b</subfield><subfield code="g">0</subfield></datafield><datafield ind1=" " ind2=" " tag="907"><subfield code="b">bk   </subfield><subfield code="c">b</subfield></datafield><datafield ind1=" " ind2=" " tag="920"><subfield code="a">83-04-04127-8</subfield></datafield><datafield ind1=" " ind2=" " tag="960"><subfield code="a">II 1.723.628</subfield><subfield code="c">bk   </subfield><subfield code="d">30001001928912</subfield><subfield code="h">1993 e 6817/2</subfield><subfield code="i">Z 0,00</subfield><subfield code="l">-</subfield><subfield code="o">1</subfield></datafield><datafield ind1=" " ind2=" " tag="960"><subfield code="a">II 1.802.866 A</subfield><subfield code="c">bk   </subfield><subfield code="d">30001004579191</subfield><subfield code="h">1993 e 6817/1</subfield><subfield code="i">Z 0,00</subfield><subfield code="l">-</subfield><subfield code="o">0</subfield><subfield code="x">odkwaszono 2007</subfield></datafield><datafield ind1=" " ind2=" " tag="996"><subfield code="a">.b10312213</subfield></datafield><datafield ind1=" " ind2=" " tag="998"><subfield code="a">ik</subfield><subfield code="a">o</subfield></datafield></record>