</MetadataObject><PersonObject OrderIndex="46" PartyRelation="CREATOR"><PartyName>Zofia Dach</PartyName><Identifiers><Identifier>1000006070594</Identifier><Scope>TEL</Scope></Identifiers><Identifiers><Identifier>2000077582715</Identifier><Scope>TEL</Scope></Identifiers><Identifiers><Identifier>3000003152402</Identifier><Scope>TEL</Scope></Identifiers><Identifiers><Identifier>1000015770745</Identifier><Scope>TEL</Scope></Identifiers><LifePeriod><Start><Time>-946771200000</Time><Granularity>YEAR</Granularity><Uncertain>false</Uncertain></Start></LifePeriod><FirstNames>Zofia</FirstNames><Surname>Dach</Surname></PersonObject><LinkObject FieldSource="TEL" LinkTarget="CATALOGUE_RECORD" OrderIndex="58"><Url>http://alpha.bn.org.pl/record=b1031221*pol</Url><LinkStatus>NOT_CHECKED</LinkStatus></LinkObject></MetadataRecord>
<MetadataRecord xmlns="http://theeuropeanlibrary.org/internal_object_model" ID="2000048638229"><BibliographicLevelObject OrderIndex="41">MONOGRAPH</BibliographicLevelObject><CatalogingFormObject OrderIndex="40">ISBD</CatalogingFormObject><TitleObject OrderIndex="47" TitleType="MAIN"><Title>Świętość w świetle dekretów beatyfikacyjnych i kanonizacyjnych po Soborze Watykańskim II</Title><SubTitle>[rozprawa habilitacyjna]</SubTitle></TitleObject><IdentifierObject IdentifierType="LOCAL_IDENTIFIER" OrderIndex="32"><Identifier>b10319797</Identifier></IdentifierObject><IdentifierObject IdentifierType="OAIPMH" OrderIndex="34"><Identifier>urn:theeuropeanlibrary.org:a0232:b10319797</Identifier></IdentifierObject><IdentifierObject IdentifierType="LOCAL_IDENTIFIER" OrderIndex="43"><Identifier>b10319797</Identifier><Scope>a0232</Scope></IdentifierObject><IdentifierObject IdentifierType="ISBN" OrderIndex="44"><Identifier>8370720129</Identifier></IdentifierObject><IdentifierObject IdentifierType="NBN" OrderIndex="45"><Identifier>PB 7843/93</Identifier></IdentifierObject><IdentifierObject ContextLevel="RECORD" FieldSource="TEL" OrderIndex="63" PartyIdentifierType="TEL"><Identifier>1000020882269</Identifier><Scope>TEL</Scope></IdentifierObject><IdentifierObject ContextLevel="RECORD" FieldSource="TEL" OrderIndex="64" PartyIdentifierType="TEL"><Identifier>1000020451667</Identifier><Scope>TEL</Scope></IdentifierObject><IdentifierObject ContextLevel="RECORD" FieldSource="TEL" OrderIndex="65" SpatialIdentifierType="TEL"><Identifier>1000001587202</Identifier><Scope>TEL</Scope></IdentifierObject><IdentifierObject ContextLevel="CONTENT" FieldSource="TEL" KnowledgeOrganizationSystem="CERIF" OrderIndex="66"><Identifier>H002</Identifier></IdentifierObject><IllustrationsObject OrderIndex="39">NO_ILLUSTRATIONS</IllustrationsObject><SpatialEntityObject OrderIndex="54" SpatialRelation="PUBLICATION"><Identifiers><Identifier>PL</Identifier><Scope>ISO3166</Scope></Identifiers></SpatialEntityObject><NamedPlaceObject OrderIndex="52" SpatialRelation="PUBLICATION"><Identifiers><Identifier>1000001587202</Identifier><Scope>TEL</Scope></Identifiers><PlaceName>Warszawa</PlaceName></NamedPlaceObject><PrintTypeObject OrderIndex="38">PRINTED</PrintTypeObject><ProvenanceObject OrderIndex="35"><CollectionId>a0232</CollectionId><ProviderId>P01214</ProviderId></ProvenanceObject><StatusObject OrderIndex="31">UPDATED</StatusObject><TextObject OrderIndex="46" TextRelation="STATEMENT_OF_RESPONSIBILITY"><Content>Ireneusz Werbiński.</Content></TextObject><TextObject OrderIndex="59" TextRelation="EXTENT"><Content>357, [2] s. ;</Content></TextObject><TextObject OrderIndex="60" TextRelation="EXTENT"><Content>24 cm.</Content></TextObject><TextObject OrderIndex="61" TextRelation="DESCRIPTION"><Content>Bibliogr. s. 253-326. - Summarium, summ.</Content></TextObject><OrganizationObject ContributionType="PUBLISHER" OrderIndex="49" PartyRelation="CONTRIBUTOR"><PartyName>Akademia Teologii Katolickiej.</PartyName><Subdivision>Wydawnictwo.</Subdivision></OrganizationObject><OrganizationObject OrderIndex="53" PartyRelation="PUBLISHER"><PartyName>Wydawnictwa Akademii Teologii Katolickiej</PartyName><Identifiers><Identifier>1000020451667</Identifier><Scope>TEL</Scope></Identifiers></OrganizationObject><LanguageObject LanguageRelation="LANGUAGE_OF_CONTENT" OrderIndex="51">POL</LanguageObject><ResourceTypeObject OrderIndex="37">TEXT</ResourceTypeObject><TopicObject KnowledgeOrganizationSystem="UDC" OrderIndex="55"><TopicName>248:348.1/.7</TopicName></TopicObject><TopicObject OrderIndex="56"><TopicName>Doskonałość chrześcijańska</TopicName></TopicObject><TopicObject OrderIndex="57"><GeneralSubdivision>prawo kanoniczne</GeneralSubdivision><TopicName>Kanonizacja i beatyfikacja</TopicName></TopicObject><TopicObject OrderIndex="58"><GeneralSubdivision>historia</GeneralSubdivision><ChronologicalSubdivision><Instant><Time>-157766400000</Time><Granularity>YEAR</Granularity><Uncertain>false</Uncertain></Instant></ChronologicalSubdivision><TopicName>Prawo kanoniczne</TopicName></TopicObject><AudienceObject OrderIndex="42">UNKNOW</AudienceObject><InstantObject OrderIndex="33" TemporalRelation="OP_LOADED"><Time>1358933471000</Time><Granularity>SECOND</Granularity><Uncertain>false</Uncertain></InstantObject><InstantObject OrderIndex="50" TemporalRelation="PUBLICATION"><Time>725846400000</Time><Granularity>YEAR</Granularity><Uncertain>false</Uncertain></InstantObject><MetadataObject FieldSource="PROVIDER" Format="marc21" OrderIndex="36"><record xmlns="info:lc/xmlns/marcxchange-v1"><leader>01201nam a2200301 i 4500</leader><controlfield tag="001">b10319797</controlfield><controlfield tag="008">970510s1993    pl           |000 0 pol  </controlfield><datafield ind1=" " ind2=" " tag="015"><subfield code="a">PB 7843/93</subfield></datafield><datafield ind1=" " ind2=" " tag="020"><subfield code="a">8370720129</subfield></datafield><datafield ind1=" " ind2=" " tag="040"><subfield code="a">WA N</subfield><subfield code="c">WA N</subfield></datafield><datafield ind1="0" ind2=" " tag="041"><subfield code="a">pol</subfield><subfield code="b">englat</subfield></datafield><datafield ind1=" " ind2=" " tag="080"><subfield code="a">248:348.1/.7</subfield></datafield><datafield ind1="1" ind2=" " tag="100"><subfield code="a">Werbiński, Ireneusz</subfield><subfield code="d">(1950- ).</subfield></datafield><datafield ind1="1" ind2="0" tag="245"><subfield code="a">Świętość w świetle dekretów beatyfikacyjnych i kanonizacyjnych po Soborze Watykańskim II :</subfield><subfield code="b">[rozprawa habilitacyjna] /</subfield><subfield code="c">Ireneusz Werbiński.</subfield></datafield><datafield ind1=" " ind2=" " tag="260"><subfield code="a">Warszawa :</subfield><subfield code="b">Wydawnictwa Akademii Teologii Katolickiej,</subfield><subfield code="c">1993</subfield><subfield code="e">(Józefów :</subfield><subfield code="f">ZP).</subfield></datafield><datafield ind1=" " ind2=" " tag="300"><subfield code="a">357, [2] s. ;</subfield><subfield code="c">24 cm.</subfield></datafield><datafield ind1=" " ind2=" " tag="504"><subfield code="a">Bibliogr. s. 253-326. - Summarium, summ.</subfield></datafield><datafield ind1=" " ind2="4" tag="650"><subfield code="a">Doskonałość chrześcijańska</subfield></datafield><datafield ind1=" " ind2="4" tag="650"><subfield code="a">Kanonizacja i beatyfikacja</subfield><subfield code="x">prawo kanoniczne</subfield></datafield><datafield ind1=" " ind2="4" tag="650"><subfield code="a">Prawo kanoniczne</subfield><subfield code="x">historia</subfield><subfield code="y">od 1965 r.</subfield></datafield><datafield ind1="2" ind2=" " tag="710"><subfield code="a">Akademia Teologii Katolickiej.</subfield><subfield code="b">Wydawnictwo.</subfield><subfield code="4">pbl</subfield></datafield><datafield ind1=" " ind2=" " tag="902"><subfield code="a">121221</subfield><subfield code="c">980826</subfield><subfield code="d">m</subfield><subfield code="e">a</subfield><subfield code="f">b</subfield><subfield code="g">0</subfield></datafield><datafield ind1=" " ind2=" " tag="907"><subfield code="b">bk   </subfield><subfield code="c">b</subfield></datafield><datafield ind1=" " ind2=" " tag="920"><subfield code="a">83-7072-012-9</subfield></datafield><datafield ind1=" " ind2=" " tag="960"><subfield code="a">II 1.723.902</subfield><subfield code="c">bk   </subfield><subfield code="d">30001003300029</subfield><subfield code="h">1993 e 7463/2</subfield><subfield code="i">Z 0,00</subfield><subfield code="l">-</subfield><subfield code="o">1</subfield></datafield><datafield ind1=" " ind2=" " tag="960"><subfield code="a">II 1.803.140 A</subfield><subfield code="c">bk   </subfield><subfield code="d">30001004582039</subfield><subfield code="h">1993 e 7463/1</subfield><subfield code="i">Z 0,00</subfield><subfield code="l">-</subfield><subfield code="o">0</subfield><subfield code="x">odkwaszono 2007</subfield></datafield><datafield ind1=" " ind2=" " tag="996"><subfield code="a">.b10319797</subfield></datafield><datafield ind1=" " ind2=" " tag="998"><subfield code="a">ik</subfield><subfield code="a">o</subfield></datafield></record>