</MetadataObject><PersonObject OrderIndex="48" PartyRelation="CREATOR"><PartyName>Ireneusz Werbiński</PartyName><Identifiers><Identifier>1000020882269</Identifier><Scope>TEL</Scope></Identifiers><LifePeriod><Start><Time>-631152000000</Time><Granularity>YEAR</Granularity><Uncertain>false</Uncertain></Start></LifePeriod><FirstNames>Ireneusz</FirstNames><Surname>Werbiński</Surname></PersonObject><LinkObject FieldSource="TEL" LinkTarget="CATALOGUE_RECORD" OrderIndex="62"><Url>http://alpha.bn.org.pl/record=b1031979*pol</Url><LinkStatus>NOT_CHECKED</LinkStatus></LinkObject></MetadataRecord>
<MetadataRecord xmlns="http://theeuropeanlibrary.org/internal_object_model" ID="2000048757793"><BibliographicLevelObject OrderIndex="33">MONOGRAPH</BibliographicLevelObject><CatalogingFormObject OrderIndex="32">ISBD</CatalogingFormObject><TitleObject OrderIndex="37" TitleType="MAIN"><Title>Polityka i odpowiedzialność</Title></TitleObject><IdentifierObject IdentifierType="LOCAL_IDENTIFIER" OrderIndex="24"><Identifier>b11541970</Identifier></IdentifierObject><IdentifierObject IdentifierType="OAIPMH" OrderIndex="26"><Identifier>urn:theeuropeanlibrary.org:a0232:b11541970</Identifier></IdentifierObject><IdentifierObject IdentifierType="LOCAL_IDENTIFIER" OrderIndex="35"><Identifier>b11541970</Identifier><Scope>a0232</Scope></IdentifierObject><IdentifierObject IdentifierType="ISBN" OrderIndex="36"><Identifier>0906601142</Identifier></IdentifierObject><IdentifierObject ContextLevel="RECORD" FieldSource="TEL" OrderIndex="47" SpatialIdentifierType="TEL"><Identifier>1000005368670</Identifier><Scope>TEL</Scope></IdentifierObject><IllustrationsObject OrderIndex="31">NO_ILLUSTRATIONS</IllustrationsObject><SpatialEntityObject OrderIndex="43" SpatialRelation="PUBLICATION"><Identifiers><Identifier>GB</Identifier><Scope>ISO3166</Scope></Identifiers></SpatialEntityObject><NamedPlaceObject OrderIndex="41" SpatialRelation="PUBLICATION"><Identifiers><Identifier>1000005368670</Identifier><Scope>TEL</Scope></Identifiers><PlaceName>Londyn</PlaceName></NamedPlaceObject><PrintTypeObject OrderIndex="30">PRINTED</PrintTypeObject><ProvenanceObject OrderIndex="27"><CollectionId>a0232</CollectionId><ProviderId>P01214</ProviderId></ProvenanceObject><StatusObject OrderIndex="23">UPDATED</StatusObject><TextObject OrderIndex="44" TextRelation="EXTENT"><Content>221 s. ;</Content></TextObject><TextObject OrderIndex="45" TextRelation="EXTENT"><Content>22 cm.</Content></TextObject><OrganizationObject OrderIndex="42" PartyRelation="PUBLISHER"><PartyName>"Aneks"</PartyName></OrganizationObject><LanguageObject LanguageRelation="LANGUAGE_OF_CONTENT" OrderIndex="40">POL</LanguageObject><ResourceTypeObject OrderIndex="29">TEXT</ResourceTypeObject><AudienceObject OrderIndex="34">UNKNOW</AudienceObject><InstantObject OrderIndex="25" TemporalRelation="OP_LOADED"><Time>1358943240000</Time><Granularity>SECOND</Granularity><Uncertain>false</Uncertain></InstantObject><InstantObject OrderIndex="39" TemporalRelation="PUBLICATION"><Time>441763200000</Time><Granularity>YEAR</Granularity><Uncertain>false</Uncertain></InstantObject><MetadataObject FieldSource="PROVIDER" Format="marc21" OrderIndex="28"><record xmlns="info:lc/xmlns/marcxchange-v1"><leader>01002nam a2200253 i 4500</leader><controlfield tag="001">b11541970</controlfield><controlfield tag="008">981002s1984    xxk          |000 0 pol d</controlfield><datafield ind1=" " ind2=" " tag="020"><subfield code="a">0906601142</subfield></datafield><datafield ind1=" " ind2=" " tag="040"><subfield code="a">WA N</subfield><subfield code="c">WA N</subfield></datafield><datafield ind1="1" ind2=" " tag="100"><subfield code="a">Kuroń, Jacek</subfield><subfield code="d">(1934-2004).</subfield></datafield><datafield ind1="1" ind2="0" tag="245"><subfield code="a">Polityka i odpowiedzialność /</subfield><subfield code="c">Jacek Kuroń.</subfield></datafield><datafield ind1=" " ind2=" " tag="260"><subfield code="a">Londyn :</subfield><subfield code="b">"Aneks",</subfield><subfield code="c">1984.</subfield></datafield><datafield ind1=" " ind2=" " tag="300"><subfield code="a">221 s. ;</subfield><subfield code="c">22 cm.</subfield></datafield><datafield ind1=" " ind2=" " tag="902"><subfield code="a">121219</subfield><subfield code="c">981005</subfield><subfield code="d">m</subfield><subfield code="e">a</subfield><subfield code="f">-</subfield><subfield code="g">0</subfield></datafield><datafield ind1=" " ind2=" " tag="907"><subfield code="b">bk   </subfield><subfield code="c">-</subfield></datafield><datafield ind1=" " ind2=" " tag="920"><subfield code="a">0-906601-14-2</subfield></datafield><datafield ind1=" " ind2=" " tag="960"><subfield code="a">KW 31.162</subfield><subfield code="c">bk   </subfield><subfield code="d">30001001913864</subfield><subfield code="h">1995 d 256/3</subfield><subfield code="i">Z 0,04</subfield><subfield code="k">1</subfield><subfield code="l">-</subfield><subfield code="o">1</subfield></datafield><datafield ind1=" " ind2=" " tag="960"><subfield code="a">II 1.991.056 Chr.</subfield><subfield code="c">bk   </subfield><subfield code="h">1985 w 342/13</subfield><subfield code="i">Z 0,00</subfield><subfield code="l">-</subfield><subfield code="o">19</subfield><subfield code="x">odkwaszono 2008</subfield></datafield><datafield ind1=" " ind2=" " tag="960"><subfield code="a">II 1.985.535 A Chr.</subfield><subfield code="c">bk   </subfield><subfield code="h">1984 w 632/8</subfield><subfield code="i">Z 0,00</subfield><subfield code="l">-</subfield><subfield code="o">18</subfield><subfield code="x">odkwaszono 2008</subfield></datafield><datafield ind1=" " ind2=" " tag="960"><subfield code="a">6.544 Wyst.</subfield><subfield code="c">bk   </subfield><subfield code="d">30001012555701</subfield><subfield code="e">6.544 Wyst.</subfield><subfield code="f">2010.07.08</subfield><subfield code="g">Instytut Polski Sztokholm</subfield><subfield code="h">2010 d 435/7</subfield><subfield code="i">Z 150,00</subfield><subfield code="j">2010.10.28</subfield><subfield code="k">1</subfield><subfield code="l">-</subfield><subfield code="o">20</subfield><subfield code="x">odkwaszono 2012</subfield><subfield code="y">Autograf: Kuroń Jacek.</subfield><subfield code="y">Autograf: Onyszkiewicz Janusz.</subfield></datafield><datafield ind1=" " ind2=" " tag="996"><subfield code="a">.b11541970</subfield></datafield><datafield ind1=" " ind2=" " tag="998"><subfield code="a">o</subfield></datafield><datafield ind1=" " ind2=" " tag="999"><subfield code="a">JB</subfield><subfield code="b">js</subfield></datafield><datafield ind1=" " ind2=" " tag="999"><subfield code="a">ae</subfield></datafield></record>