</MetadataObject><PersonObject OrderIndex="38" PartyRelation="CREATOR"><PartyName>Pierre Loti</PartyName><Identifiers><Identifier>3000002714825</Identifier><Scope>TEL</Scope></Identifiers><Identifiers><Identifier>3000003283863</Identifier><Scope>TEL</Scope></Identifiers><Identifiers><Identifier>2000070881731</Identifier><Scope>TEL</Scope></Identifiers><Identifiers><Identifier>1000020681090</Identifier><Scope>TEL</Scope></Identifiers><Identifiers><Identifier>1000022213185</Identifier><Scope>TEL</Scope></Identifiers><LifePeriod><Start><Time>-3786825600000</Time><Granularity>YEAR</Granularity><Uncertain>false</Uncertain></Start><End><Time>-1483228800000</Time><Granularity>YEAR</Granularity><Uncertain>false</Uncertain></End></LifePeriod><FirstNames>Pierre</FirstNames><Surname>Loti</Surname></PersonObject><EditionObject OrderIndex="41"><Number>15</Number><Statement>15e éd.</Statement></EditionObject><LinkObject FieldSource="TEL" LinkTarget="CATALOGUE_RECORD" OrderIndex="48"><Url>http://alpha.bn.org.pl/record=b1154195*pol</Url><LinkStatus>NOT_CHECKED</LinkStatus></LinkObject></MetadataRecord>
<MetadataRecord xmlns="http://theeuropeanlibrary.org/internal_object_model" ID="2000048757860"><BibliographicLevelObject OrderIndex="38">MONOGRAPH</BibliographicLevelObject><CatalogingFormObject OrderIndex="37">ISBD</CatalogingFormObject><TitleObject OrderIndex="42" TitleType="MAIN"><Title>Pour comprendre les paysages de la France</Title><SubTitle>notions pratiques de géographie a l'usage des touristes</SubTitle></TitleObject><IdentifierObject IdentifierType="LOCAL_IDENTIFIER" OrderIndex="28"><Identifier>b11542652</Identifier></IdentifierObject><IdentifierObject IdentifierType="OAIPMH" OrderIndex="30"><Identifier>urn:theeuropeanlibrary.org:a0232:b11542652</Identifier></IdentifierObject><IdentifierObject IdentifierType="LOCAL_IDENTIFIER" OrderIndex="40"><Identifier>b11542652</Identifier><Scope>a0232</Scope></IdentifierObject><IdentifierObject ContextLevel="RECORD" FieldSource="TEL" OrderIndex="55" PartyIdentifierType="TEL"><Identifier>1000017386563</Identifier><Scope>TEL</Scope></IdentifierObject><IdentifierObject ContextLevel="RECORD" FieldSource="TEL" OrderIndex="56" PartyIdentifierType="TEL"><Identifier>2000073671441</Identifier><Scope>TEL</Scope></IdentifierObject><IdentifierObject ContextLevel="RECORD" FieldSource="TEL" OrderIndex="57" PartyIdentifierType="TEL"><Identifier>1000022570137</Identifier><Scope>TEL</Scope></IdentifierObject><IdentifierObject ContextLevel="RECORD" FieldSource="TEL" OrderIndex="58" PartyIdentifierType="TEL"><Identifier>1000022540909</Identifier><Scope>TEL</Scope></IdentifierObject><IdentifierObject ContextLevel="RECORD" FieldSource="TEL" OrderIndex="59" PartyIdentifierType="TEL"><Identifier>3000004053406</Identifier><Scope>TEL</Scope></IdentifierObject><IdentifierObject ContextLevel="RECORD" FieldSource="TEL" OrderIndex="60" PartyIdentifierType="TEL"><Identifier>3000003195713</Identifier><Scope>TEL</Scope></IdentifierObject><IdentifierObject ContextLevel="RECORD" FieldSource="TEL" OrderIndex="61" PartyIdentifierType="TEL"><Identifier>1000021500358</Identifier><Scope>TEL</Scope></IdentifierObject><IdentifierObject ContextLevel="RECORD" FieldSource="TEL" OrderIndex="62" SpatialIdentifierType="TEL"><Identifier>1000006057437</Identifier><Scope>TEL</Scope></IdentifierObject><IdentifierObject ContextLevel="CONTENT" FieldSource="TEL" OrderIndex="63" SpatialIdentifierType="TEL"><Identifier>1000006114502</Identifier><Scope>TEL</Scope></IdentifierObject><IllustrationsObject OrderIndex="35">ILLUSTRATIONS</IllustrationsObject><IllustrationsObject OrderIndex="36">NO_ILLUSTRATIONS</IllustrationsObject><SpatialEntityObject OrderIndex="48" SpatialRelation="PUBLICATION"><Identifiers><Identifier>FR</Identifier><Scope>ISO3166</Scope></Identifiers></SpatialEntityObject><NamedPlaceObject OrderIndex="46" SpatialRelation="PUBLICATION"><Identifiers><Identifier>1000006057437</Identifier><Scope>TEL</Scope></Identifiers><PlaceName>Paris</PlaceName></NamedPlaceObject><NamedPlaceObject OrderIndex="49" SpatialRelation="SUBJECT"><Identifiers><Identifier>1000006114502</Identifier><Scope>TEL</Scope></Identifiers><PlaceName>Francja</PlaceName><Subject><GeneralSubdivision>turystyka</GeneralSubdivision><ChronologicalSubdivision><Instant><Time>-1593824400000</Time><Granularity>MONTH</Granularity><Uncertain>false</Uncertain></Instant></ChronologicalSubdivision></Subject></NamedPlaceObject><PrintTypeObject OrderIndex="34">PRINTED</PrintTypeObject><ProvenanceObject OrderIndex="31"><CollectionId>a0232</CollectionId><ProviderId>P01214</ProviderId></ProvenanceObject><StatusObject OrderIndex="27">UPDATED</StatusObject><TextObject OrderIndex="41" TextRelation="STATEMENT_OF_RESPONSIBILITY"><Content>par F. Maurette.</Content></TextObject><TextObject OrderIndex="51" TextRelation="FORMAT_UNCONTROLED"><Content>il. ;</Content></TextObject><TextObject OrderIndex="52" TextRelation="EXTENT"><Content>XI, [1], 258, [1] s. :</Content></TextObject><TextObject OrderIndex="53" TextRelation="EXTENT"><Content>18 cm.</Content></TextObject><OrganizationObject OrderIndex="47" PartyRelation="PUBLISHER"><PartyName>Hachette</PartyName><Identifiers><Identifier>1000021500358</Identifier><Scope>TEL</Scope></Identifiers><Identifiers><Identifier>3000003195713</Identifier><Scope>TEL</Scope></Identifiers><Identifiers><Identifier>3000004053406</Identifier><Scope>TEL</Scope></Identifiers><Identifiers><Identifier>1000017386563</Identifier><Scope>TEL</Scope></Identifiers><Identifiers><Identifier>1000022540909</Identifier><Scope>TEL</Scope></Identifiers></OrganizationObject><LanguageObject LanguageRelation="LANGUAGE_OF_CONTENT" OrderIndex="45">FRE</LanguageObject><ResourceTypeObject OrderIndex="33">TEXT</ResourceTypeObject><TopicObject OrderIndex="50"><TopicName>Przewodniki turystyczne</TopicName></TopicObject><AudienceObject OrderIndex="39">UNKNOW</AudienceObject><InstantObject OrderIndex="29" TemporalRelation="OP_LOADED"><Time>1358943240000</Time><Granularity>SECOND</Granularity><Uncertain>false</Uncertain></InstantObject><InstantObject OrderIndex="44" TemporalRelation="PUBLICATION"><Time>-1483228800000</Time><Granularity>YEAR</Granularity><Uncertain>false</Uncertain></InstantObject><MetadataObject FieldSource="PROVIDER" Format="marc21" OrderIndex="32"><record xmlns="info:lc/xmlns/marcxchange-v1"><leader>00794nam a2200229 i 4500</leader><controlfield tag="001">b11542652</controlfield><controlfield tag="008">981002s1923    fr a         |000 0 fre  </controlfield><datafield ind1=" " ind2=" " tag="040"><subfield code="a">WA N</subfield><subfield code="c">WA N</subfield></datafield><datafield ind1="1" ind2=" " tag="100"><subfield code="a">Maurette, Fernand.</subfield></datafield><datafield ind1="1" ind2="0" tag="245"><subfield code="a">Pour comprendre les paysages de la France :</subfield><subfield code="b">notions pratiques de géographie a l'usage des touristes /</subfield><subfield code="c">par F. Maurette.</subfield></datafield><datafield ind1=" " ind2=" " tag="260"><subfield code="a">Paris :</subfield><subfield code="b">Hachette,</subfield><subfield code="c">1923.</subfield></datafield><datafield ind1=" " ind2=" " tag="300"><subfield code="a">XI, [1], 258, [1] s. :</subfield><subfield code="b">il. ;</subfield><subfield code="c">18 cm.</subfield></datafield><datafield ind1=" " ind2="4" tag="651"><subfield code="a">Francja</subfield><subfield code="x">turystyka</subfield><subfield code="y">1918-1939 r.</subfield></datafield><datafield ind1=" " ind2="4" tag="655"><subfield code="a">Przewodniki turystyczne</subfield></datafield><datafield ind1=" " ind2=" " tag="902"><subfield code="a">121211</subfield><subfield code="c">981005</subfield><subfield code="d">m</subfield><subfield code="e">a</subfield><subfield code="f">-</subfield><subfield code="g">0</subfield></datafield><datafield ind1=" " ind2=" " tag="907"><subfield code="b">bk   </subfield><subfield code="c">-</subfield></datafield><datafield ind1=" " ind2=" " tag="960"><subfield code="a">I 301.935</subfield><subfield code="c">bk   </subfield><subfield code="d">30001005502416</subfield><subfield code="h">1949 d 174/116</subfield><subfield code="i">Z 0,00</subfield><subfield code="l">-</subfield><subfield code="o">1</subfield></datafield><datafield ind1=" " ind2=" " tag="960"><subfield code="a">I 2.047.349</subfield><subfield code="c">bk   </subfield><subfield code="h">Kras. 87575</subfield><subfield code="i">Z 500,00</subfield><subfield code="l">-</subfield><subfield code="o">1</subfield></datafield><datafield ind1=" " ind2=" " tag="996"><subfield code="a">.b11542652</subfield></datafield><datafield ind1=" " ind2=" " tag="998"><subfield code="a">ik</subfield><subfield code="a">o</subfield></datafield><datafield ind1=" " ind2=" " tag="999"><subfield code="a">as</subfield><subfield code="b">zb</subfield><subfield code="b">bm</subfield></datafield><datafield ind1=" " ind2=" " tag="999"><subfield code="a">haba</subfield></datafield></record>