</MetadataObject><PersonObject OrderIndex="43" PartyRelation="CREATOR"><PartyName>Fernand. Maurette</PartyName><Identifiers><Identifier>2000073671441</Identifier><Scope>TEL</Scope></Identifiers><Identifiers><Identifier>1000022570137</Identifier><Scope>TEL</Scope></Identifiers><FirstNames>Fernand.</FirstNames><Surname>Maurette</Surname></PersonObject><LinkObject FieldSource="TEL" LinkTarget="CATALOGUE_RECORD" OrderIndex="54"><Url>http://alpha.bn.org.pl/record=b1154265*pol</Url><LinkStatus>NOT_CHECKED</LinkStatus></LinkObject></MetadataRecord>
<MetadataRecord xmlns="http://theeuropeanlibrary.org/internal_object_model" ID="2000048757881"><BibliographicLevelObject OrderIndex="39">MONOGRAPH</BibliographicLevelObject><CatalogingFormObject OrderIndex="38">ISBD</CatalogingFormObject><TitleObject OrderIndex="43" TitleType="MAIN"><Title>Vers surannes et proses démodées</Title><SubTitle>amicis et sodalibus</SubTitle></TitleObject><IdentifierObject IdentifierType="LOCAL_IDENTIFIER" OrderIndex="30"><Identifier>b1154286x</Identifier></IdentifierObject><IdentifierObject IdentifierType="OAIPMH" OrderIndex="32"><Identifier>urn:theeuropeanlibrary.org:a0232:b1154286x</Identifier></IdentifierObject><IdentifierObject IdentifierType="LOCAL_IDENTIFIER" OrderIndex="41"><Identifier>b1154286x</Identifier><Scope>a0232</Scope></IdentifierObject><IdentifierObject ContextLevel="RECORD" FieldSource="TEL" OrderIndex="59" PartyIdentifierType="TEL"><Identifier>1000013267848</Identifier><Scope>TEL</Scope></IdentifierObject><IllustrationsObject OrderIndex="37">NO_ILLUSTRATIONS</IllustrationsObject><SpatialEntityObject OrderIndex="49" SpatialRelation="PUBLICATION"><Identifiers><Identifier>FR</Identifier><Scope>ISO3166</Scope></Identifiers></SpatialEntityObject><NamedPlaceObject OrderIndex="47" SpatialRelation="PUBLICATION"><PlaceName>Rupellae</PlaceName></NamedPlaceObject><PrintTypeObject OrderIndex="36">PRINTED</PrintTypeObject><ProvenanceObject OrderIndex="33"><CollectionId>a0232</CollectionId><ProviderId>P01214</ProviderId></ProvenanceObject><StatusObject OrderIndex="29">UPDATED</StatusObject><TextObject OrderIndex="42" TextRelation="STATEMENT_OF_RESPONSIBILITY"><Content>PMR [krypt., nazw.: Pierre Moisy].</Content></TextObject><TextObject OrderIndex="51" TextRelation="EXTENT"><Content>61, [2] s. ;</Content></TextObject><TextObject OrderIndex="52" TextRelation="EXTENT"><Content>19 cm.</Content></TextObject><TextObject NoteType="GENERAL" OrderIndex="53" TextRelation="NOTE"><Content>Inf. o nazw. aut. na s. 5.</Content></TextObject><TextObject NoteType="GENERAL" OrderIndex="54" TextRelation="NOTE"><Content>Dotyczy Polaków i zawiera m. in. opowiadania o tematyce pol.</Content></TextObject><TextObject NoteType="EXTERNAL_INDEXES" OrderIndex="55" TextRelation="NOTE"><Content>BNF.</Content></TextObject><TextObject NoteType="EXTERNAL_INDEXES" OrderIndex="56" TextRelation="NOTE"><Content>BM.</Content></TextObject><TextObject NoteType="EXTERNAL_INDEXES" OrderIndex="57" TextRelation="NOTE"><Content>NUC 1973-1977.</Content></TextObject><OrganizationObject OrderIndex="48" PartyRelation="PUBLISHER"><PartyName>aux dépens de l~Maut.</PartyName></OrganizationObject><LanguageObject LanguageRelation="LANGUAGE_OF_CONTENT" OrderIndex="46">FRE</LanguageObject><ResourceTypeObject OrderIndex="35">TEXT</ResourceTypeObject><TopicObject OrderIndex="50"><ChronologicalSubdivision><Instant><Time>-61536240000000</Time><Granularity>YEAR</Granularity><Uncertain>false</Uncertain></Instant></ChronologicalSubdivision><TopicName>Opowiadanie francuskie</TopicName></TopicObject><AudienceObject OrderIndex="40">UNKNOW</AudienceObject><InstantObject OrderIndex="31" TemporalRelation="OP_LOADED"><Time>1358943240000</Time><Granularity>SECOND</Granularity><Uncertain>false</Uncertain></InstantObject><InstantObject OrderIndex="45" TemporalRelation="PUBLICATION"><Time>94694400000</Time><Granularity>YEAR</Granularity><Uncertain>false</Uncertain></InstantObject><MetadataObject FieldSource="PROVIDER" Format="marc21" OrderIndex="34"><record xmlns="info:lc/xmlns/marcxchange-v1"><leader>00837nam a2200265 i 4500</leader><controlfield tag="001">b1154286x</controlfield><controlfield tag="008">981002s1973    fr           |000 j fre  </controlfield><datafield ind1=" " ind2=" " tag="040"><subfield code="a">WA N</subfield><subfield code="c">WA N</subfield></datafield><datafield ind1="1" ind2=" " tag="100"><subfield code="a">Moisy, Pierre.</subfield></datafield><datafield ind1="1" ind2="0" tag="245"><subfield code="a">Vers surannes et proses démodées :</subfield><subfield code="b">amicis et sodalibus /</subfield><subfield code="c">PMR [krypt., nazw.: Pierre Moisy].</subfield></datafield><datafield ind1=" " ind2=" " tag="260"><subfield code="a">Rupellae :</subfield><subfield code="b">aux dépens de l~Maut.,</subfield><subfield code="c">1973.</subfield></datafield><datafield ind1=" " ind2=" " tag="300"><subfield code="a">61, [2] s. ;</subfield><subfield code="c">19 cm.</subfield></datafield><datafield ind1=" " ind2=" " tag="500"><subfield code="a">Inf. o nazw. aut. na s. 5.</subfield></datafield><datafield ind1=" " ind2=" " tag="500"><subfield code="a">Dotyczy Polaków i zawiera m. in. opowiadania o tematyce pol.</subfield></datafield><datafield ind1="3" ind2=" " tag="510"><subfield code="a">BNF.</subfield></datafield><datafield ind1="3" ind2=" " tag="510"><subfield code="a">BM.</subfield></datafield><datafield ind1="3" ind2=" " tag="510"><subfield code="a">NUC 1973-1977.</subfield></datafield><datafield ind1=" " ind2="4" tag="655"><subfield code="a">Opowiadanie francuskie</subfield><subfield code="y">20 w.</subfield></datafield><datafield ind1=" " ind2=" " tag="902"><subfield code="a">121211</subfield><subfield code="c">981005</subfield><subfield code="d">m</subfield><subfield code="e">a</subfield><subfield code="f">-</subfield><subfield code="g">0</subfield></datafield><datafield ind1=" " ind2=" " tag="907"><subfield code="b">bk   </subfield><subfield code="c">-</subfield></datafield><datafield ind1=" " ind2=" " tag="960"><subfield code="a">I 1.880.261 A</subfield><subfield code="c">bk   </subfield><subfield code="h">1992 d 133</subfield><subfield code="i">Z 0,03</subfield><subfield code="k">1</subfield><subfield code="l">-</subfield><subfield code="o">0</subfield></datafield><datafield ind1=" " ind2=" " tag="996"><subfield code="a">.b1154286x</subfield></datafield><datafield ind1=" " ind2=" " tag="998"><subfield code="a">ik</subfield><subfield code="a">o</subfield></datafield><datafield ind1=" " ind2=" " tag="999"><subfield code="a">JB</subfield><subfield code="b">js</subfield><subfield code="b">ae</subfield></datafield><datafield ind1=" " ind2=" " tag="999"><subfield code="a">resi</subfield></datafield></record>