</MetadataObject><PersonObject OrderIndex="44" PartyRelation="CREATOR"><PartyName>Pierre. Moisy</PartyName><Identifiers><Identifier>1000013267848</Identifier><Scope>TEL</Scope></Identifiers><FirstNames>Pierre.</FirstNames><Surname>Moisy</Surname></PersonObject><LinkObject FieldSource="TEL" LinkTarget="CATALOGUE_RECORD" OrderIndex="58"><Url>http://alpha.bn.org.pl/record=b1154286*pol</Url><LinkStatus>NOT_CHECKED</LinkStatus></LinkObject></MetadataRecord>
<MetadataRecord xmlns="http://theeuropeanlibrary.org/internal_object_model" ID="2000048757834"><BibliographicLevelObject OrderIndex="40">MONOGRAPH</BibliographicLevelObject><CatalogingFormObject OrderIndex="39">ISBD</CatalogingFormObject><TitleObject OrderIndex="43" TitleType="MAIN"><Title>Histoire du socialisme européen</Title></TitleObject><IdentifierObject IdentifierType="LOCAL_IDENTIFIER" OrderIndex="31"><Identifier>b1154238x</Identifier></IdentifierObject><IdentifierObject IdentifierType="OAIPMH" OrderIndex="33"><Identifier>urn:theeuropeanlibrary.org:a0232:b1154238x</Identifier></IdentifierObject><IdentifierObject IdentifierType="LOCAL_IDENTIFIER" OrderIndex="42"><Identifier>b1154238x</Identifier><Scope>a0232</Scope></IdentifierObject><IdentifierObject ContextLevel="RECORD" FieldSource="TEL" OrderIndex="61" PartyIdentifierType="TEL"><Identifier>1000000421007</Identifier><Scope>TEL</Scope></IdentifierObject><IdentifierObject ContextLevel="RECORD" FieldSource="TEL" OrderIndex="62" PartyIdentifierType="TEL"><Identifier>3000004423192</Identifier><Scope>TEL</Scope></IdentifierObject><IdentifierObject ContextLevel="RECORD" FieldSource="TEL" OrderIndex="63" PartyIdentifierType="TEL"><Identifier>2000074813944</Identifier><Scope>TEL</Scope></IdentifierObject><IdentifierObject ContextLevel="RECORD" FieldSource="TEL" OrderIndex="64" PartyIdentifierType="TEL"><Identifier>1000022245960</Identifier><Scope>TEL</Scope></IdentifierObject><IdentifierObject ContextLevel="RECORD" FieldSource="TEL" OrderIndex="65" PartyIdentifierType="TEL"><Identifier>1000022316126</Identifier><Scope>TEL</Scope></IdentifierObject><IdentifierObject ContextLevel="RECORD" FieldSource="TEL" OrderIndex="66" PartyIdentifierType="TEL"><Identifier>3000003204845</Identifier><Scope>TEL</Scope></IdentifierObject><IdentifierObject ContextLevel="RECORD" FieldSource="TEL" OrderIndex="67" SpatialIdentifierType="TEL"><Identifier>1000006057437</Identifier><Scope>TEL</Scope></IdentifierObject><IllustrationsObject OrderIndex="38">NO_ILLUSTRATIONS</IllustrationsObject><SpatialEntityObject OrderIndex="52" SpatialRelation="PUBLICATION"><Identifiers><Identifier>FR</Identifier><Scope>ISO3166</Scope></Identifiers></SpatialEntityObject><NamedPlaceObject OrderIndex="50" SpatialRelation="PUBLICATION"><Identifiers><Identifier>1000006057437</Identifier><Scope>TEL</Scope></Identifiers><PlaceName>Paris</PlaceName></NamedPlaceObject><PrintTypeObject OrderIndex="37">PRINTED</PrintTypeObject><ProvenanceObject OrderIndex="34"><CollectionId>a0232</CollectionId><ProviderId>P01214</ProviderId></ProvenanceObject><StatusObject OrderIndex="30">UPDATED</StatusObject><TextObject OrderIndex="56" TextRelation="EXTENT"><Content>367, [1] s. ;</Content></TextObject><TextObject OrderIndex="57" TextRelation="EXTENT"><Content>23 cm.</Content></TextObject><TextObject OrderIndex="58" TextRelation="DESCRIPTION"><Content>Indeks.</Content></TextObject><TextObject NoteType="EXTERNAL_INDEXES" OrderIndex="59" TextRelation="NOTE"><Content>BF 1948. poz. 10415.</Content></TextObject><OrganizationObject ContributionType="PUBLISHER" OrderIndex="46" PartyRelation="CONTRIBUTOR"><PartyName>Éditions Gallimard.</PartyName><Subdivision/></OrganizationObject><OrganizationObject OrderIndex="51" PartyRelation="PUBLISHER"><PartyName>Gallimard</PartyName><Identifiers><Identifier>3000004423192</Identifier><Scope>TEL</Scope></Identifiers><Identifiers><Identifier>3000003204845</Identifier><Scope>TEL</Scope></Identifiers><Identifiers><Identifier>1000022316126</Identifier><Scope>TEL</Scope></Identifiers></OrganizationObject><LanguageObject LanguageRelation="LANGUAGE_OF_CONTENT" OrderIndex="48">FRE</LanguageObject><ResourceTypeObject OrderIndex="36">TEXT</ResourceTypeObject><TopicObject OrderIndex="53"><TopicName>Ekonomia polityczna socjalizmu</TopicName></TopicObject><TopicObject OrderIndex="54"><GeneralSubdivision>historia</GeneralSubdivision><ChronologicalSubdivision><Instant><Time>-61567776000000</Time><Granularity>YEAR</Granularity><Uncertain>false</Uncertain></Instant></ChronologicalSubdivision><GeographicSubdivision><NamedPlace><PlaceName>Europa</PlaceName></NamedPlace></GeographicSubdivision><TopicName>Socjalizm</TopicName></TopicObject><TopicObject OrderIndex="55"><GeneralSubdivision>organizacje</GeneralSubdivision><ChronologicalSubdivision><Instant><Time>-61567776000000</Time><Granularity>YEAR</Granularity><Uncertain>false</Uncertain></Instant></ChronologicalSubdivision><GeographicSubdivision><NamedPlace><PlaceName>Europa</PlaceName></NamedPlace></GeographicSubdivision><TopicName>Socjalizm</TopicName></TopicObject><AudienceObject OrderIndex="41">UNKNOW</AudienceObject><InstantObject OrderIndex="32" TemporalRelation="OP_LOADED"><Time>1358943240000</Time><Granularity>SECOND</Granularity><Uncertain>false</Uncertain></InstantObject><InstantObject OrderIndex="47" TemporalRelation="PUBLICATION"><Time>-694310400000</Time><Granularity>YEAR</Granularity><Uncertain>false</Uncertain></InstantObject><MetadataObject FieldSource="PROVIDER" Format="marc21" OrderIndex="35"><record xmlns="info:lc/xmlns/marcxchange-v1"><leader>01082nam a2200313 i 4500</leader><controlfield tag="001">b1154238x</controlfield><controlfield tag="008">981002s1948    fr           |001   fre d</controlfield><datafield ind1=" " ind2=" " tag="040"><subfield code="a">WA N</subfield><subfield code="c">WA N</subfield></datafield><datafield ind1="1" ind2=" " tag="100"><subfield code="a">Halévy, Élie</subfield><subfield code="d">(1870-1937).</subfield></datafield><datafield ind1="1" ind2="0" tag="245"><subfield code="a">Histoire du socialisme européen /</subfield><subfield code="c">réd. d'après des notes de cours par un groupe d'amis et d'ĺèves de Élie Halévy ; préf. de Raymond Aron.</subfield></datafield><datafield ind1=" " ind2=" " tag="250"><subfield code="a">7ème éd.</subfield></datafield><datafield ind1=" " ind2=" " tag="260"><subfield code="a">Paris :</subfield><subfield code="b">Gallimard,</subfield><subfield code="c">1948.</subfield></datafield><datafield ind1=" " ind2=" " tag="300"><subfield code="a">367, [1] s. ;</subfield><subfield code="c">23 cm.</subfield></datafield><datafield ind1="1" ind2=" " tag="490"><subfield code="a">Bibliothèque des Idées</subfield></datafield><datafield ind1=" " ind2=" " tag="504"><subfield code="a">Indeks.</subfield></datafield><datafield ind1="4" ind2=" " tag="510"><subfield code="a">BF 1948</subfield><subfield code="c">poz. 10415.</subfield></datafield><datafield ind1=" " ind2="4" tag="650"><subfield code="a">Ekonomia polityczna socjalizmu</subfield></datafield><datafield ind1=" " ind2="4" tag="650"><subfield code="a">Socjalizm</subfield><subfield code="x">historia</subfield><subfield code="z">Europa</subfield><subfield code="y">19 w.</subfield></datafield><datafield ind1=" " ind2="4" tag="650"><subfield code="a">Socjalizm</subfield><subfield code="x">organizacje</subfield><subfield code="z">Europa</subfield><subfield code="y">19 w.</subfield></datafield><datafield ind1="1" ind2=" " tag="700"><subfield code="a">Aron, Raymond</subfield><subfield code="d">(1905-1983).</subfield><subfield code="e">Przedm.</subfield></datafield><datafield ind1="2" ind2=" " tag="710"><subfield code="a">Éditions Gallimard.</subfield><subfield code="4">pbl</subfield></datafield><datafield ind1=" " ind2="0" tag="830"><subfield code="a">Bibliothèque des Idées</subfield></datafield><datafield ind1=" " ind2=" " tag="902"><subfield code="a">121221</subfield><subfield code="c">981005</subfield><subfield code="d">m</subfield><subfield code="e">a</subfield><subfield code="f">-</subfield><subfield code="g">0</subfield></datafield><datafield ind1=" " ind2=" " tag="907"><subfield code="b">bk   </subfield><subfield code="c">-</subfield></datafield><datafield ind1=" " ind2=" " tag="960"><subfield code="a">II 1.513.054</subfield><subfield code="c">bk   </subfield><subfield code="d">30001008518963</subfield><subfield code="h">1995 w 138/5</subfield><subfield code="i">Z 0,08</subfield><subfield code="k">1</subfield><subfield code="l">-</subfield><subfield code="o">1</subfield></datafield><datafield ind1=" " ind2=" " tag="996"><subfield code="a">.b1154238x</subfield></datafield><datafield ind1=" " ind2=" " tag="998"><subfield code="a">ik</subfield><subfield code="a">o</subfield></datafield><datafield ind1=" " ind2=" " tag="999"><subfield code="a">ja</subfield><subfield code="b">hg</subfield><subfield code="b">ae</subfield></datafield><datafield ind1=" " ind2=" " tag="999"><subfield code="a">este</subfield></datafield></record>