</MetadataObject><PersonObject OrderIndex="44" PartyRelation="CREATOR"><PartyName>Élie Halévy</PartyName><LifePeriod><Start><Time>-3155673600000</Time><Granularity>YEAR</Granularity><Uncertain>false</Uncertain></Start><End><Time>-1041379200000</Time><Granularity>YEAR</Granularity><Uncertain>false</Uncertain></End></LifePeriod><FirstNames>Élie</FirstNames><Surname>Halévy</Surname></PersonObject><PersonObject OrderIndex="45" PartyRelation="CONTRIBUTOR"><PartyName>Raymond Aron</PartyName><Identifiers><Identifier>2000074813944</Identifier><Scope>TEL</Scope></Identifiers><Identifiers><Identifier>1000022245960</Identifier><Scope>TEL</Scope></Identifiers><Identifiers><Identifier>1000000421007</Identifier><Scope>TEL</Scope></Identifiers><LifePeriod><Start><Time>-2051222400000</Time><Granularity>YEAR</Granularity><Uncertain>false</Uncertain></Start><End><Time>410227200000</Time><Granularity>YEAR</Granularity><Uncertain>false</Uncertain></End></LifePeriod><FirstNames>Raymond</FirstNames><Surname>Aron</Surname></PersonObject><EditionObject OrderIndex="49"><Number>7</Number><Statement>7ème éd.</Statement></EditionObject><LinkObject FieldSource="TEL" LinkTarget="CATALOGUE_RECORD" OrderIndex="60"><Url>http://alpha.bn.org.pl/record=b1154238*pol</Url><LinkStatus>NOT_CHECKED</LinkStatus></LinkObject></MetadataRecord>
<MetadataRecord xmlns="http://theeuropeanlibrary.org/internal_object_model" ID="2000048757850"><BibliographicLevelObject OrderIndex="33">MONOGRAPH</BibliographicLevelObject><CatalogingFormObject OrderIndex="32">ISBD</CatalogingFormObject><TitleObject OrderIndex="36" TitleType="MAIN"><Title>Le gouvernement représentatif</Title></TitleObject><IdentifierObject IdentifierType="LOCAL_IDENTIFIER" OrderIndex="24"><Identifier>b1154255x</Identifier></IdentifierObject><IdentifierObject IdentifierType="OAIPMH" OrderIndex="26"><Identifier>urn:theeuropeanlibrary.org:a0232:b1154255x</Identifier></IdentifierObject><IdentifierObject IdentifierType="LOCAL_IDENTIFIER" OrderIndex="35"><Identifier>b1154255x</Identifier><Scope>a0232</Scope></IdentifierObject><IdentifierObject ContextLevel="RECORD" FieldSource="TEL" OrderIndex="47" PartyIdentifierType="TEL"><Identifier>2000072148052</Identifier><Scope>TEL</Scope></IdentifierObject><IdentifierObject ContextLevel="RECORD" FieldSource="TEL" OrderIndex="48" PartyIdentifierType="TEL"><Identifier>1000013412649</Identifier><Scope>TEL</Scope></IdentifierObject><IdentifierObject ContextLevel="RECORD" FieldSource="TEL" OrderIndex="49" PartyIdentifierType="TEL"><Identifier>2000071786824</Identifier><Scope>TEL</Scope></IdentifierObject><IdentifierObject ContextLevel="RECORD" FieldSource="TEL" OrderIndex="50" PartyIdentifierType="TEL"><Identifier>1000022258510</Identifier><Scope>TEL</Scope></IdentifierObject><IdentifierObject ContextLevel="RECORD" FieldSource="TEL" OrderIndex="51" PartyIdentifierType="TEL"><Identifier>1000021157243</Identifier><Scope>TEL</Scope></IdentifierObject><IdentifierObject ContextLevel="RECORD" FieldSource="TEL" OrderIndex="52" PartyIdentifierType="TEL"><Identifier>2000077804137</Identifier><Scope>TEL</Scope></IdentifierObject><IdentifierObject ContextLevel="RECORD" FieldSource="TEL" OrderIndex="53" SpatialIdentifierType="TEL"><Identifier>1000006057437</Identifier><Scope>TEL</Scope></IdentifierObject><IllustrationsObject OrderIndex="31">NO_ILLUSTRATIONS</IllustrationsObject><SpatialEntityObject OrderIndex="43" SpatialRelation="PUBLICATION"><Identifiers><Identifier>FR</Identifier><Scope>ISO3166</Scope></Identifiers></SpatialEntityObject><NamedPlaceObject OrderIndex="41" SpatialRelation="PUBLICATION"><Identifiers><Identifier>1000006057437</Identifier><Scope>TEL</Scope></Identifiers><PlaceName>Paris</PlaceName></NamedPlaceObject><PrintTypeObject OrderIndex="30">PRINTED</PrintTypeObject><ProvenanceObject OrderIndex="27"><CollectionId>a0232</CollectionId><ProviderId>P01214</ProviderId></ProvenanceObject><StatusObject OrderIndex="23">UPDATED</StatusObject><TextObject OrderIndex="44" TextRelation="EXTENT"><Content>LIX, [1], 414 s. ;</Content></TextObject><TextObject OrderIndex="45" TextRelation="EXTENT"><Content>18 cm.</Content></TextObject><OrganizationObject OrderIndex="42" PartyRelation="PUBLISHER"><PartyName>Guillaumin</PartyName></OrganizationObject><LanguageObject LanguageRelation="LANGUAGE_OF_CONTENT" OrderIndex="40">FRE</LanguageObject><ResourceTypeObject OrderIndex="29">TEXT</ResourceTypeObject><AudienceObject OrderIndex="34">UNKNOW</AudienceObject><InstantObject OrderIndex="25" TemporalRelation="OP_LOADED"><Time>1358943240000</Time><Granularity>SECOND</Granularity><Uncertain>false</Uncertain></InstantObject><InstantObject OrderIndex="39" TemporalRelation="PUBLICATION"><Time>-3408134400000</Time><Granularity>YEAR</Granularity><Uncertain>false</Uncertain></InstantObject><MetadataObject FieldSource="PROVIDER" Format="marc21" OrderIndex="28"><record xmlns="info:lc/xmlns/marcxchange-v1"><leader>00754nam a2200217 i 4500</leader><controlfield tag="001">b1154255x</controlfield><controlfield tag="008">981002s1862    fr           |000 0 fre d</controlfield><datafield ind1=" " ind2=" " tag="040"><subfield code="a">WA N</subfield><subfield code="c">WA N</subfield></datafield><datafield ind1="1" ind2=" " tag="041"><subfield code="a">fre</subfield><subfield code="h">eng</subfield></datafield><datafield ind1="1" ind2=" " tag="100"><subfield code="a">Mill, John Stuart</subfield><subfield code="d">(1806-1873).</subfield></datafield><datafield ind1="1" ind2="3" tag="245"><subfield code="a">Le gouvernement représentatif /</subfield><subfield code="c">par m. J. Stuart Mill ; trad. et préc. d'une introd. par m. Dupont White.</subfield></datafield><datafield ind1=" " ind2=" " tag="260"><subfield code="a">Paris :</subfield><subfield code="b">Guillaumin,</subfield><subfield code="c">1862.</subfield></datafield><datafield ind1=" " ind2=" " tag="300"><subfield code="a">LIX, [1], 414 s. ;</subfield><subfield code="c">18 cm.</subfield></datafield><datafield ind1="1" ind2=" " tag="700"><subfield code="a">Dupont-White, Charles Brook</subfield><subfield code="d">(1807-1878).</subfield><subfield code="e">Tł.</subfield></datafield><datafield ind1=" " ind2=" " tag="902"><subfield code="a">121219</subfield><subfield code="c">981005</subfield><subfield code="d">m</subfield><subfield code="e">a</subfield><subfield code="f">-</subfield><subfield code="g">0</subfield></datafield><datafield ind1=" " ind2=" " tag="907"><subfield code="b">bk   </subfield><subfield code="c">-</subfield></datafield><datafield ind1=" " ind2=" " tag="960"><subfield code="a">I 288.690</subfield><subfield code="c">bk   </subfield><subfield code="d">30001004843555</subfield><subfield code="h">Sm. 3635</subfield><subfield code="i">Z 0,00</subfield><subfield code="l">-</subfield><subfield code="o">1</subfield></datafield><datafield ind1=" " ind2=" " tag="960"><subfield code="a">I 2.047.274</subfield><subfield code="c">bk   </subfield><subfield code="h">Kras. 72237</subfield><subfield code="i">Z 500,00</subfield><subfield code="l">-</subfield><subfield code="o">1</subfield></datafield><datafield ind1=" " ind2=" " tag="996"><subfield code="a">.b1154255x</subfield></datafield><datafield ind1=" " ind2=" " tag="998"><subfield code="a">o</subfield></datafield><datafield ind1=" " ind2=" " tag="999"><subfield code="a">mt</subfield><subfield code="b">as</subfield><subfield code="b">bm</subfield></datafield></record>