</MetadataObject><PersonObject OrderIndex="37" PartyRelation="CREATOR"><PartyName>John Stuart Mill</PartyName><Identifiers><Identifier>1000022258510</Identifier><Scope>TEL</Scope></Identifiers><Identifiers><Identifier>1000013412649</Identifier><Scope>TEL</Scope></Identifiers><Identifiers><Identifier>2000071786824</Identifier><Scope>TEL</Scope></Identifiers><Identifiers><Identifier>2000077804137</Identifier><Scope>TEL</Scope></Identifiers><LifePeriod><Start><Time>-5175360000000</Time><Granularity>YEAR</Granularity><Uncertain>false</Uncertain></Start><End><Time>-3060979200000</Time><Granularity>YEAR</Granularity><Uncertain>false</Uncertain></End></LifePeriod><FirstNames>John Stuart</FirstNames><Surname>Mill</Surname></PersonObject><PersonObject OrderIndex="38" PartyRelation="CONTRIBUTOR"><PartyName>Charles Brook Dupont-White</PartyName><Identifiers><Identifier>2000072148052</Identifier><Scope>TEL</Scope></Identifiers><Identifiers><Identifier>1000021157243</Identifier><Scope>TEL</Scope></Identifiers><LifePeriod><Start><Time>-5143824000000</Time><Granularity>YEAR</Granularity><Uncertain>false</Uncertain></Start><End><Time>-2903212800000</Time><Granularity>YEAR</Granularity><Uncertain>false</Uncertain></End></LifePeriod><FirstNames>Charles Brook</FirstNames><Surname>Dupont-White</Surname></PersonObject><LinkObject FieldSource="TEL" LinkTarget="CATALOGUE_RECORD" OrderIndex="46"><Url>http://alpha.bn.org.pl/record=b1154255*pol</Url><LinkStatus>NOT_CHECKED</LinkStatus></LinkObject></MetadataRecord>
<MetadataRecord xmlns="http://theeuropeanlibrary.org/internal_object_model" ID="2000048757938"><BibliographicLevelObject OrderIndex="37">MONOGRAPH</BibliographicLevelObject><CatalogingFormObject OrderIndex="36">ISBD</CatalogingFormObject><TitleObject OrderIndex="41" TitleType="MAIN"><Title>Religious compromise, political salvation</Title><SubTitle>The Greek catholic church and nation-building in Eastern Europe</SubTitle></TitleObject><IdentifierObject IdentifierType="LOCAL_IDENTIFIER" OrderIndex="28"><Identifier>b11543437</Identifier></IdentifierObject><IdentifierObject IdentifierType="OAIPMH" OrderIndex="30"><Identifier>urn:theeuropeanlibrary.org:a0232:b11543437</Identifier></IdentifierObject><IdentifierObject IdentifierType="LOCAL_IDENTIFIER" OrderIndex="39"><Identifier>b11543437</Identifier><Scope>a0232</Scope></IdentifierObject><IdentifierObject ContextLevel="RECORD" FieldSource="TEL" OrderIndex="55" PartyIdentifierType="TEL"><Identifier>1000009873450</Identifier><Scope>TEL</Scope></IdentifierObject><IdentifierObject ContextLevel="RECORD" FieldSource="TEL" OrderIndex="56" PartyIdentifierType="TEL"><Identifier>1000020946396</Identifier><Scope>TEL</Scope></IdentifierObject><IdentifierObject ContextLevel="RECORD" FieldSource="TEL" OrderIndex="57" PartyIdentifierType="TEL"><Identifier>3000004346986</Identifier><Scope>TEL</Scope></IdentifierObject><IdentifierObject ContextLevel="RECORD" FieldSource="TEL" OrderIndex="58" PartyIdentifierType="TEL"><Identifier>1000009276826</Identifier><Scope>TEL</Scope></IdentifierObject><IdentifierObject ContextLevel="RECORD" FieldSource="TEL" OrderIndex="59" PartyIdentifierType="TEL"><Identifier>1000016999200</Identifier><Scope>TEL</Scope></IdentifierObject><IdentifierObject ContextLevel="RECORD" FieldSource="TEL" OrderIndex="60" PartyIdentifierType="TEL"><Identifier>2000077729360</Identifier><Scope>TEL</Scope></IdentifierObject><IdentifierObject ContextLevel="RECORD" FieldSource="TEL" OrderIndex="61" SpatialIdentifierType="TEL"><Identifier>1000010537289</Identifier><Scope>TEL</Scope></IdentifierObject><IllustrationsObject OrderIndex="35">NO_ILLUSTRATIONS</IllustrationsObject><SpatialEntityObject OrderIndex="49" SpatialRelation="PUBLICATION"><Identifiers><Identifier>US</Identifier><Scope>ISO3166</Scope></Identifiers></SpatialEntityObject><NamedPlaceObject OrderIndex="47" SpatialRelation="PUBLICATION"><Identifiers><Identifier>1000010537289</Identifier><Scope>TEL</Scope></Identifiers><PlaceName>Pittsburgh</PlaceName></NamedPlaceObject><PrintTypeObject OrderIndex="34">PRINTED</PrintTypeObject><ProvenanceObject OrderIndex="31"><CollectionId>a0232</CollectionId><ProviderId>P01214</ProviderId></ProvenanceObject><StatusObject OrderIndex="27">UPDATED</StatusObject><TextObject OrderIndex="40" TextRelation="STATEMENT_OF_RESPONSIBILITY"><Content>John-Paul Himka, James T. Flynn, James Niessen ; James Niessen, ed.</Content></TextObject><TextObject OrderIndex="51" TextRelation="EXTENT"><Content>[4], 68 s. ;</Content></TextObject><TextObject OrderIndex="52" TextRelation="EXTENT"><Content>22 cm.</Content></TextObject><TextObject NoteType="GENERAL" OrderIndex="53" TextRelation="NOTE"><Content>Na s. red. błędny ISSN. - Dotyczy m. in. byłych terenów wschodnich Polski.</Content></TextObject><OrganizationObject OrderIndex="48" PartyRelation="PUBLISHER"><PartyName>The Center for Russian &amp; East European Studies</PartyName></OrganizationObject><LanguageObject LanguageRelation="LANGUAGE_OF_CONTENT" OrderIndex="46">ENG</LanguageObject><ResourceTypeObject OrderIndex="33">TEXT</ResourceTypeObject><TopicObject OrderIndex="50"><GeographicSubdivision><NamedPlace><PlaceName>Europa Środkowo-Wschodnia</PlaceName></NamedPlace></GeographicSubdivision><TopicName>Kościół greckokatolicki</TopicName></TopicObject><AudienceObject OrderIndex="38">UNKNOW</AudienceObject><InstantObject OrderIndex="29" TemporalRelation="OP_LOADED"><Time>1358943240000</Time><Granularity>SECOND</Granularity><Uncertain>false</Uncertain></InstantObject><InstantObject OrderIndex="45" TemporalRelation="PUBLICATION"><Time>725846400000</Time><Granularity>YEAR</Granularity><Uncertain>false</Uncertain></InstantObject><MetadataObject FieldSource="PROVIDER" Format="marc21" OrderIndex="32"><record xmlns="info:lc/xmlns/marcxchange-v1"><leader>01163nam a2200277 i 4500</leader><controlfield tag="001">b11543437</controlfield><controlfield tag="008">981002s1993    xxu          |000 0 eng  </controlfield><datafield ind1=" " ind2=" " tag="040"><subfield code="a">WA N</subfield><subfield code="c">WA N</subfield></datafield><datafield ind1="1" ind2=" " tag="100"><subfield code="a">Himka, John Paul</subfield><subfield code="d">(1949- ).</subfield></datafield><datafield ind1="1" ind2="0" tag="245"><subfield code="a">Religious compromise, political salvation :</subfield><subfield code="b">The Greek catholic church and nation-building in Eastern Europe /</subfield><subfield code="c">John-Paul Himka, James T. Flynn, James Niessen ; James Niessen, ed.</subfield></datafield><datafield ind1=" " ind2=" " tag="260"><subfield code="a">Pittsburgh :</subfield><subfield code="b">The Center for Russian &amp; East European Studies,</subfield><subfield code="c">cop. 1993.</subfield></datafield><datafield ind1=" " ind2=" " tag="300"><subfield code="a">[4], 68 s. ;</subfield><subfield code="c">22 cm.</subfield></datafield><datafield ind1="1" ind2=" " tag="490"><subfield code="a">The Carl Beck Papers in Russian and East European Studies</subfield><subfield code="v">no 1003</subfield></datafield><datafield ind1=" " ind2=" " tag="500"><subfield code="a">Na s. red. błędny ISSN. - Dotyczy m. in. byłych terenów wschodnich Polski.</subfield></datafield><datafield ind1=" " ind2="4" tag="650"><subfield code="a">Kościół greckokatolicki</subfield><subfield code="z">Europa Środkowo-Wschodnia</subfield></datafield><datafield ind1="1" ind2=" " tag="700"><subfield code="a">Flynn, James T.</subfield><subfield code="d">(1932- )</subfield></datafield><datafield ind1="1" ind2=" " tag="700"><subfield code="a">Niessen, James</subfield></datafield><datafield ind1=" " ind2="4" tag="830"><subfield code="a">The Carl Beck Papers in Russian and East European Studies</subfield><subfield code="v">no 1003</subfield></datafield><datafield ind1=" " ind2=" " tag="902"><subfield code="a">121211</subfield><subfield code="c">981005</subfield><subfield code="d">m</subfield><subfield code="e">a</subfield><subfield code="f">-</subfield><subfield code="g">0</subfield></datafield><datafield ind1=" " ind2=" " tag="907"><subfield code="b">bk   </subfield><subfield code="c">-</subfield></datafield><datafield ind1=" " ind2=" " tag="960"><subfield code="a">II 1.841.195 A</subfield><subfield code="c">bk   </subfield><subfield code="d">30001007434011</subfield><subfield code="h">1993 w 642</subfield><subfield code="i">Z 0,25</subfield><subfield code="k">1</subfield><subfield code="l">-</subfield><subfield code="o">0</subfield></datafield><datafield ind1=" " ind2=" " tag="996"><subfield code="a">.b11543437</subfield></datafield><datafield ind1=" " ind2=" " tag="998"><subfield code="a">ik</subfield><subfield code="a">o</subfield></datafield><datafield ind1=" " ind2=" " tag="999"><subfield code="a">JB</subfield><subfield code="b">js</subfield></datafield><datafield ind1=" " ind2=" " tag="999"><subfield code="a">anku</subfield></datafield><datafield ind1=" " ind2=" " tag="999"><subfield code="a">ae</subfield></datafield></record>