</MetadataObject><PersonObject OrderIndex="42" PartyRelation="CREATOR"><PartyName>John Paul Himka</PartyName><Identifiers><Identifier>1000020946396</Identifier><Scope>TEL</Scope></Identifiers><Identifiers><Identifier>2000077729360</Identifier><Scope>TEL</Scope></Identifiers><LifePeriod><Start><Time>-662688000000</Time><Granularity>YEAR</Granularity><Uncertain>false</Uncertain></Start></LifePeriod><FirstNames>John Paul</FirstNames><Surname>Himka</Surname></PersonObject><PersonObject OrderIndex="43" PartyRelation="CONTRIBUTOR"><PartyName>James T. Flynn</PartyName><Identifiers><Identifier>1000009873450</Identifier><Scope>TEL</Scope></Identifiers><Identifiers><Identifier>3000004346986</Identifier><Scope>TEL</Scope></Identifiers><Identifiers><Identifier>1000016999200</Identifier><Scope>TEL</Scope></Identifiers><LifePeriod><Start><Time>-1199232000000</Time><Granularity>YEAR</Granularity><Uncertain>false</Uncertain></Start></LifePeriod><FirstNames>James T.</FirstNames><Surname>Flynn</Surname></PersonObject><PersonObject OrderIndex="44" PartyRelation="CONTRIBUTOR"><PartyName>James Niessen</PartyName><Identifiers><Identifier>1000009276826</Identifier><Scope>TEL</Scope></Identifiers><FirstNames>James</FirstNames><Surname>Niessen</Surname></PersonObject><LinkObject FieldSource="TEL" LinkTarget="CATALOGUE_RECORD" OrderIndex="54"><Url>http://alpha.bn.org.pl/record=b1154343*pol</Url><LinkStatus>NOT_CHECKED</LinkStatus></LinkObject></MetadataRecord>
<MetadataRecord xmlns="http://theeuropeanlibrary.org/internal_object_model" ID="2000048757910"><BibliographicLevelObject OrderIndex="41">MONOGRAPH</BibliographicLevelObject><CatalogingFormObject OrderIndex="40">ISBD</CatalogingFormObject><TitleObject OrderIndex="46" TitleType="MAIN"><Title>Die Tragödie an der Drau</Title><SubTitle>die verratene Freiheit</SubTitle></TitleObject><TitleObject OrderIndex="47" TitleType="ALTERNATIVE"><Title>Zbrodnia w dolinie rzeki Drawy</Title></TitleObject><IdentifierObject IdentifierType="LOCAL_IDENTIFIER" OrderIndex="32"><Identifier>b11543152</Identifier></IdentifierObject><IdentifierObject IdentifierType="OAIPMH" OrderIndex="34"><Identifier>urn:theeuropeanlibrary.org:a0232:b11543152</Identifier></IdentifierObject><IdentifierObject IdentifierType="LOCAL_IDENTIFIER" OrderIndex="43"><Identifier>b11543152</Identifier><Scope>a0232</Scope></IdentifierObject><IdentifierObject IdentifierType="ISBN" OrderIndex="44"><Identifier>3548331580</Identifier></IdentifierObject><IdentifierObject ContextLevel="RECORD" FieldSource="TEL" OrderIndex="63" PartyIdentifierType="TEL"><Identifier>1000020128711</Identifier><Scope>TEL</Scope></IdentifierObject><IdentifierObject ContextLevel="RECORD" FieldSource="TEL" OrderIndex="64" PartyIdentifierType="TEL"><Identifier>1000020607423</Identifier><Scope>TEL</Scope></IdentifierObject><IdentifierObject ContextLevel="RECORD" FieldSource="TEL" OrderIndex="65" PartyIdentifierType="TEL"><Identifier>1000019548164</Identifier><Scope>TEL</Scope></IdentifierObject><IdentifierObject ContextLevel="RECORD" FieldSource="TEL" OrderIndex="66" SpatialIdentifierType="TEL"><Identifier>1000005931079</Identifier><Scope>TEL</Scope></IdentifierObject><IdentifierObject ContextLevel="RECORD" FieldSource="TEL" OrderIndex="67" SpatialIdentifierType="TEL"><Identifier>1000010290086</Identifier><Scope>TEL</Scope></IdentifierObject><IllustrationsObject OrderIndex="39">NO_ILLUSTRATIONS</IllustrationsObject><SpatialEntityObject OrderIndex="56" SpatialRelation="PUBLICATION"><Identifiers><Identifier>DE</Identifier><Scope>ISO3166</Scope></Identifiers></SpatialEntityObject><NamedPlaceObject OrderIndex="53" SpatialRelation="PUBLICATION"><Identifiers><Identifier>1000005931079</Identifier><Scope>TEL</Scope></Identifiers><PlaceName>Frankfurt am Main ;</PlaceName></NamedPlaceObject><NamedPlaceObject OrderIndex="54" SpatialRelation="PUBLICATION"><Identifiers><Identifier>1000010290086</Identifier><Scope>TEL</Scope></Identifiers><PlaceName>Berlin</PlaceName></NamedPlaceObject><PrintTypeObject OrderIndex="38">PRINTED</PrintTypeObject><ProvenanceObject OrderIndex="35"><CollectionId>a0232</CollectionId><ProviderId>P01214</ProviderId></ProvenanceObject><StatusObject OrderIndex="31">UPDATED</StatusObject><TextObject OrderIndex="45" TextRelation="STATEMENT_OF_RESPONSIBILITY"><Content>Josef Mackiewicz ; [aus dem Poln. übers. von Armin Dross].</Content></TextObject><TextObject OrderIndex="58" TextRelation="EXTENT"><Content>331, [1] s. ;</Content></TextObject><TextObject OrderIndex="59" TextRelation="EXTENT"><Content>18 cm.</Content></TextObject><TextObject OrderIndex="60" TextRelation="DESCRIPTION"><Content>Bibliogr. s.331-332.</Content></TextObject><TextObject NoteType="EXTERNAL_INDEXES" OrderIndex="61" TextRelation="NOTE"><Content>DNB 1992. A 20 poz. 0513.</Content></TextObject><OrganizationObject OrderIndex="55" PartyRelation="PUBLISHER"><PartyName>Ullstein</PartyName><Identifiers><Identifier>1000020128711</Identifier><Scope>TEL</Scope></Identifiers><Identifiers><Identifier>1000019548164</Identifier><Scope>TEL</Scope></Identifiers><Identifiers><Identifier>1000020607423</Identifier><Scope>TEL</Scope></Identifiers></OrganizationObject><LanguageObject LanguageRelation="LANGUAGE_OF_CONTENT" OrderIndex="51">GER</LanguageObject><ResourceTypeObject OrderIndex="37">TEXT</ResourceTypeObject><TopicObject OrderIndex="57"><ChronologicalSubdivision><Instant><Time>-61536240000000</Time><Granularity>YEAR</Granularity><Uncertain>false</Uncertain></Instant></ChronologicalSubdivision><TopicName>Opowiadanie polskie</TopicName></TopicObject><AudienceObject OrderIndex="42">UNKNOW</AudienceObject><InstantObject OrderIndex="33" TemporalRelation="OP_LOADED"><Time>1358943240000</Time><Granularity>SECOND</Granularity><Uncertain>false</Uncertain></InstantObject><InstantObject OrderIndex="50" TemporalRelation="PUBLICATION"><Time>694224000000</Time><Granularity>YEAR</Granularity><Uncertain>false</Uncertain></InstantObject><MetadataObject FieldSource="PROVIDER" Format="marc21" OrderIndex="36"><record xmlns="info:lc/xmlns/marcxchange-v1"><leader>01078nam a2200325 i 4500</leader><controlfield tag="001">b11543152</controlfield><controlfield tag="008">981002s1992    gw           |000 j ger  </controlfield><datafield ind1=" " ind2=" " tag="020"><subfield code="a">3548331580</subfield></datafield><datafield ind1=" " ind2=" " tag="040"><subfield code="a">WA N</subfield><subfield code="c">WA N</subfield></datafield><datafield ind1="1" ind2=" " tag="041"><subfield code="a">ger</subfield><subfield code="h">pol</subfield></datafield><datafield ind1="1" ind2=" " tag="100"><subfield code="a">Mackiewicz, Józef</subfield><subfield code="d">(1902-1985).</subfield></datafield><datafield ind1="1" ind2="4" tag="245"><subfield code="a">Die Tragödie an der Drau :</subfield><subfield code="b">die verratene Freiheit /</subfield><subfield code="c">Josef Mackiewicz ; [aus dem Poln. übers. von Armin Dross].</subfield></datafield><datafield ind1="1" ind2=" " tag="246"><subfield code="i">Tyt. oryg.:</subfield><subfield code="a">Zbrodnia w dolinie rzeki Drawy</subfield></datafield><datafield ind1=" " ind2=" " tag="250"><subfield code="a">[Ungekürzte Ausg.].</subfield></datafield><datafield ind1=" " ind2=" " tag="260"><subfield code="a">Frankfurt am Main ;</subfield><subfield code="a">Berlin :</subfield><subfield code="b">Ullstein,</subfield><subfield code="c">1992.</subfield></datafield><datafield ind1=" " ind2=" " tag="300"><subfield code="a">331, [1] s. ;</subfield><subfield code="c">18 cm.</subfield></datafield><datafield ind1="1" ind2=" " tag="490"><subfield code="a">Ullstein Buch : Zeitgeschichte ;</subfield><subfield code="v">Nr. 33158</subfield></datafield><datafield ind1=" " ind2=" " tag="504"><subfield code="a">Bibliogr. s.331-332.</subfield></datafield><datafield ind1="4" ind2=" " tag="510"><subfield code="a">DNB 1992</subfield><subfield code="c">A 20 poz. 0513.</subfield></datafield><datafield ind1=" " ind2="4" tag="655"><subfield code="a">Opowiadanie polskie</subfield><subfield code="y">20 w.</subfield></datafield><datafield ind1="1" ind2=" " tag="700"><subfield code="a">Dross, Armin.</subfield><subfield code="e">Tł.</subfield></datafield><datafield ind1=" " ind2="0" tag="830"><subfield code="a">Ullstein-Buch ;</subfield><subfield code="v">33158</subfield></datafield><datafield ind1=" " ind2=" " tag="902"><subfield code="a">121211</subfield><subfield code="c">981005</subfield><subfield code="d">m</subfield><subfield code="e">a</subfield><subfield code="f">-</subfield><subfield code="g">0</subfield></datafield><datafield ind1=" " ind2=" " tag="907"><subfield code="b">bk   </subfield><subfield code="c">-</subfield></datafield><datafield ind1=" " ind2=" " tag="920"><subfield code="a">3-548-33158-0</subfield></datafield><datafield ind1=" " ind2=" " tag="960"><subfield code="a">I 1.880.182 A</subfield><subfield code="c">bk   </subfield><subfield code="h">1995 w 57/3</subfield><subfield code="i">Z 0,08</subfield><subfield code="k">1</subfield><subfield code="l">-</subfield><subfield code="o">0</subfield></datafield><datafield ind1=" " ind2=" " tag="996"><subfield code="a">.b11543152</subfield></datafield><datafield ind1=" " ind2=" " tag="998"><subfield code="a">ik</subfield><subfield code="a">o</subfield></datafield><datafield ind1=" " ind2=" " tag="999"><subfield code="a">JB</subfield><subfield code="b">js</subfield><subfield code="b">ea</subfield></datafield><datafield ind1=" " ind2=" " tag="999"><subfield code="a">resi</subfield></datafield></record>