</MetadataObject><PersonObject OrderIndex="46" PartyRelation="CREATOR"><PartyName>Janusz Anderman</PartyName><Identifiers><Identifier>1000015643721</Identifier><Scope>TEL</Scope></Identifiers><LifePeriod><Start><Time>-662688000000</Time><Granularity>YEAR</Granularity><Uncertain>false</Uncertain></Start></LifePeriod><FirstNames>Janusz</FirstNames><Surname>Anderman</Surname></PersonObject><PersonObject OrderIndex="47" PartyRelation="CONTRIBUTOR"><PartyName>Renate von. Mangoldt</PartyName><Identifiers><Identifier>1000021919180</Identifier><Scope>TEL</Scope></Identifiers><Identifiers><Identifier>2000074348693</Identifier><Scope>TEL</Scope></Identifiers><FirstNames>Renate von.</FirstNames><Surname>Mangoldt</Surname></PersonObject><PersonObject OrderIndex="48" PartyRelation="CONTRIBUTOR"><PartyName>Roswitha. Matwin-Buschmann</PartyName><Identifiers><Identifier>1000021618913</Identifier><Scope>TEL</Scope></Identifiers><FirstNames>Roswitha.</FirstNames><Surname>Matwin-Buschmann</Surname></PersonObject><LinkObject FieldSource="TEL" LinkTarget="CATALOGUE_RECORD" OrderIndex="58"><Url>http://alpha.bn.org.pl/record=b1153689*pol</Url><LinkStatus>NOT_CHECKED</LinkStatus></LinkObject></MetadataRecord>
<MetadataRecord xmlns="http://theeuropeanlibrary.org/internal_object_model" ID="2000048757298"><BibliographicLevelObject OrderIndex="48">MONOGRAPH</BibliographicLevelObject><CatalogingFormObject OrderIndex="47">ISBD</CatalogingFormObject><TitleObject OrderIndex="52" TitleType="MAIN"><Title>Sources d'archives sur les Canadiens polonais</Title></TitleObject><TitleObject OrderIndex="53" TitleType="ALTERNATIVE"><Title>Archival sources for the study of Polish Canadians</Title></TitleObject><IdentifierObject IdentifierType="LOCAL_IDENTIFIER" OrderIndex="39"><Identifier>b11536950</Identifier></IdentifierObject><IdentifierObject IdentifierType="OAIPMH" OrderIndex="41"><Identifier>urn:theeuropeanlibrary.org:a0232:b11536950</Identifier></IdentifierObject><IdentifierObject IdentifierType="LOCAL_IDENTIFIER" OrderIndex="50"><Identifier>b11536950</Identifier><Scope>a0232</Scope></IdentifierObject><IdentifierObject IdentifierType="ISBN" OrderIndex="51"><Identifier>0662548752</Identifier></IdentifierObject><IdentifierObject ContextLevel="RECORD" FieldSource="TEL" OrderIndex="77" PartyIdentifierType="TEL"><Identifier>3000003581847</Identifier><Scope>TEL</Scope></IdentifierObject><IdentifierObject ContextLevel="RECORD" FieldSource="TEL" OrderIndex="78" PartyIdentifierType="TEL"><Identifier>3000003770546</Identifier><Scope>TEL</Scope></IdentifierObject><IdentifierObject ContextLevel="RECORD" FieldSource="TEL" OrderIndex="79" PartyIdentifierType="TEL"><Identifier>2000076431633</Identifier><Scope>TEL</Scope></IdentifierObject><IdentifierObject ContextLevel="RECORD" FieldSource="TEL" OrderIndex="80" PartyIdentifierType="TEL"><Identifier>1000020959612</Identifier><Scope>TEL</Scope></IdentifierObject><IdentifierObject ContextLevel="RECORD" FieldSource="TEL" OrderIndex="81" PartyIdentifierType="TEL"><Identifier>3000002805831</Identifier><Scope>TEL</Scope></IdentifierObject><IdentifierObject ContextLevel="RECORD" FieldSource="TEL" OrderIndex="82" PartyIdentifierType="TEL"><Identifier>1000022288622</Identifier><Scope>TEL</Scope></IdentifierObject><IdentifierObject ContextLevel="RECORD" FieldSource="TEL" OrderIndex="83" SpatialIdentifierType="TEL"><Identifier>1000012332082</Identifier><Scope>TEL</Scope></IdentifierObject><IllustrationsObject OrderIndex="46">NO_ILLUSTRATIONS</IllustrationsObject><SpatialEntityObject OrderIndex="61" SpatialRelation="PUBLICATION"><Identifiers><Identifier>CA</Identifier><Scope>ISO3166</Scope></Identifiers></SpatialEntityObject><NamedPlaceObject OrderIndex="58" SpatialRelation="PUBLICATION"><Identifiers><Identifier>1000012332082</Identifier><Scope>TEL</Scope></Identifiers><PlaceName>Ottawa</PlaceName></NamedPlaceObject><PrintTypeObject OrderIndex="45">PRINTED</PrintTypeObject><ProvenanceObject OrderIndex="42"><CollectionId>a0232</CollectionId><ProviderId>P01214</ProviderId></ProvenanceObject><StatusObject OrderIndex="38">UPDATED</StatusObject><TextObject OrderIndex="67" TextRelation="EXTENT"><Content>VII, [1] , 26, 26, [1], VII s. ;</Content></TextObject><TextObject OrderIndex="68" TextRelation="EXTENT"><Content>23 cm.</Content></TextObject><TextObject NoteType="GENERAL" OrderIndex="69" TextRelation="NOTE"><Content>Tyt. ang.: Archival sources for the study of Polish Canadians.</Content></TextObject><TextObject NoteType="GENERAL" OrderIndex="70" TextRelation="NOTE"><Content>Liczbowanie stronic w przeciwległych kierunkach.</Content></TextObject><TextObject NoteType="GENERAL" OrderIndex="71" TextRelation="NOTE"><Content>S. tyt. i tekst równol. fr. i ang.</Content></TextObject><TextObject NoteType="GENERAL" OrderIndex="72" TextRelation="NOTE"><Content>Public Archives of Canada.</Content></TextObject><TextObject NoteType="GENERAL" OrderIndex="73" TextRelation="NOTE"><Content>National Ethnic Archives (Kanada).</Content></TextObject><TextObject OrderIndex="74" TextRelation="DESCRIPTION"><Content>Bibliogr. s. 25-26.</Content></TextObject><TextObject NoteType="EXTERNAL_INDEXES" OrderIndex="75" TextRelation="NOTE"><Content>NUC CDROM.</Content></TextObject><OrganizationObject OrderIndex="59" PartyRelation="PUBLISHER"><PartyName>Archives publiques Canada</PartyName><Identifiers><Identifier>3000003581847</Identifier><Scope>TEL</Scope></Identifiers><Identifiers><Identifier>3000002805831</Identifier><Scope>TEL</Scope></Identifiers><Identifiers><Identifier>3000003770546</Identifier><Scope>TEL</Scope></Identifiers><Identifiers><Identifier>1000022288622</Identifier><Scope>TEL</Scope></Identifiers></OrganizationObject><OrganizationObject OrderIndex="60" PartyRelation="PUBLISHER"><PartyName>Public Archives Canada.</PartyName></OrganizationObject><LanguageObject LanguageRelation="LANGUAGE_OF_CONTENT" OrderIndex="56">FRE</LanguageObject><LanguageObject LanguageRelation="LANGUAGE_OF_CONTENT" OrderIndex="57">ANG</LanguageObject><ResourceTypeObject OrderIndex="44">TEXT</ResourceTypeObject><TopicObject OrderIndex="62"><GeneralSubdivision>zbiory</GeneralSubdivision><GeographicSubdivision><NamedPlace><PlaceName>Kanada</PlaceName></NamedPlace></GeographicSubdivision><TopicName>Polonica</TopicName></TopicObject><TopicObject OrderIndex="63"><GeographicSubdivision><NamedPlace><PlaceName>Kanada</PlaceName></NamedPlace></GeographicSubdivision><TopicName>Zbiory archiwalne</TopicName></TopicObject><TopicObject OrderIndex="64"><GeographicSubdivision><NamedPlace><PlaceName>Kanada</PlaceName></NamedPlace></GeographicSubdivision><TopicName>Polacy za granicą</TopicName></TopicObject><TopicObject OrderIndex="65"><TopicName>Bibliografia</TopicName></TopicObject><TopicObject OrderIndex="66"><TopicName>Katalogi zbiorów</TopicName></TopicObject><AudienceObject OrderIndex="49">UNKNOW</AudienceObject><InstantObject OrderIndex="40" TemporalRelation="OP_LOADED"><Time>1358943240000</Time><Granularity>SECOND</Granularity><Uncertain>false</Uncertain></InstantObject><InstantObject OrderIndex="55" TemporalRelation="PUBLICATION"><Time>536457600000</Time><Granularity>YEAR</Granularity><Uncertain>false</Uncertain></InstantObject><MetadataObject FieldSource="PROVIDER" Format="marc21" OrderIndex="43"><record xmlns="info:lc/xmlns/marcxchange-v1"><leader>01699nam a2200433 i 4500</leader><controlfield tag="001">b11536950</controlfield><controlfield tag="008">981002s1987    xxc          |000 0 fre d</controlfield><datafield ind1=" " ind2=" " tag="020"><subfield code="a">0662548752</subfield></datafield><datafield ind1=" " ind2=" " tag="040"><subfield code="a">WA N</subfield><subfield code="c">WA N</subfield></datafield><datafield ind1="0" ind2=" " tag="041"><subfield code="a">freang</subfield></datafield><datafield ind1="1" ind2=" " tag="100"><subfield code="a">Momryk, Myron.</subfield></datafield><datafield ind1="1" ind2="0" tag="245"><subfield code="a">Sources d'archives sur les Canadiens polonais /</subfield><subfield code="c">Myron Momryk.</subfield></datafield><datafield ind1="1" ind2="3" tag="246"><subfield code="a">Archival sources for the study of Polish Canadians</subfield></datafield><datafield ind1=" " ind2=" " tag="260"><subfield code="a">[Ottawa] :</subfield><subfield code="b">Archives publiques Canada,</subfield><subfield code="c">1987=</subfield><subfield code="b">Public Archives Canada.</subfield></datafield><datafield ind1=" " ind2=" " tag="300"><subfield code="a">VII, [1] , 26, 26, [1], VII s. ;</subfield><subfield code="c">23 cm.</subfield></datafield><datafield ind1="1" ind2=" " tag="490"><subfield code="a">Archives publiques du Canada. Collection des guides ethnoculturels =</subfield><subfield code="a">Public Archives of Canada. Ethnocutural guide series</subfield></datafield><datafield ind1="1" ind2=" " tag="490"><subfield code="a">Archives ethniques nationales (Canada) =</subfield><subfield code="a">National Ethnic Archives (Canada)</subfield></datafield><datafield ind1=" " ind2=" " tag="500"><subfield code="a">Tyt. ang.: Archival sources for the study of Polish Canadians.</subfield></datafield><datafield ind1=" " ind2=" " tag="500"><subfield code="a">Liczbowanie stronic w przeciwległych kierunkach.</subfield></datafield><datafield ind1=" " ind2=" " tag="500"><subfield code="a">S. tyt. i tekst równol. fr. i ang.</subfield></datafield><datafield ind1=" " ind2=" " tag="500"><subfield code="a">Public Archives of Canada.</subfield></datafield><datafield ind1=" " ind2=" " tag="500"><subfield code="a">National Ethnic Archives (Kanada).</subfield></datafield><datafield ind1=" " ind2=" " tag="504"><subfield code="a">Bibliogr. s. 25-26.</subfield></datafield><datafield ind1="4" ind2=" " tag="510"><subfield code="a">NUC CDROM.</subfield></datafield><datafield ind1=" " ind2="4" tag="650"><subfield code="a">Polonica</subfield><subfield code="x">zbiory</subfield><subfield code="z">Kanada</subfield></datafield><datafield ind1=" " ind2="4" tag="650"><subfield code="a">Zbiory archiwalne</subfield><subfield code="z">Kanada</subfield></datafield><datafield ind1=" " ind2="4" tag="650"><subfield code="a">Polacy za granicą</subfield><subfield code="z">Kanada</subfield></datafield><datafield ind1=" " ind2="4" tag="655"><subfield code="a">Bibliografia</subfield></datafield><datafield ind1=" " ind2="4" tag="655"><subfield code="a">Katalogi zbiorów</subfield></datafield><datafield ind1=" " ind2="0" tag="830"><subfield code="a">Archives Publiques du Canada.</subfield><subfield code="p">Collection des Guides Ethnoculturels</subfield></datafield><datafield ind1=" " ind2="0" tag="830"><subfield code="a">Archives Ethniques Nationales (Kanada)</subfield></datafield><datafield ind1=" " ind2=" " tag="902"><subfield code="a">121219</subfield><subfield code="c">981005</subfield><subfield code="d">m</subfield><subfield code="e">a</subfield><subfield code="f">-</subfield><subfield code="g">0</subfield></datafield><datafield ind1=" " ind2=" " tag="907"><subfield code="b">bk   </subfield><subfield code="c">-</subfield></datafield><datafield ind1=" " ind2=" " tag="920"><subfield code="a">0-662-54875-2</subfield></datafield><datafield ind1=" " ind2=" " tag="960"><subfield code="a">II 1.844.094 A</subfield><subfield code="c">bk   </subfield><subfield code="d">30001007523265</subfield><subfield code="h">1992 w 115/10</subfield><subfield code="i">Z 0,06</subfield><subfield code="k">1</subfield><subfield code="l">-</subfield><subfield code="o">0</subfield></datafield><datafield ind1=" " ind2=" " tag="996"><subfield code="a">.b11536950</subfield></datafield><datafield ind1=" " ind2=" " tag="998"><subfield code="a">ik</subfield><subfield code="a">o</subfield></datafield><datafield ind1=" " ind2=" " tag="999"><subfield code="a">JB</subfield><subfield code="b">js</subfield><subfield code="b">ae</subfield></datafield><datafield ind1=" " ind2=" " tag="999"><subfield code="a">sawi</subfield><subfield code="a">mabl</subfield></datafield></record>