</MetadataObject><PersonObject OrderIndex="54" PartyRelation="CREATOR"><PartyName>Myron. Momryk</PartyName><Identifiers><Identifier>2000076431633</Identifier><Scope>TEL</Scope></Identifiers><Identifiers><Identifier>1000020959612</Identifier><Scope>TEL</Scope></Identifiers><FirstNames>Myron.</FirstNames><Surname>Momryk</Surname></PersonObject><LinkObject FieldSource="TEL" LinkTarget="CATALOGUE_RECORD" OrderIndex="76"><Url>http://alpha.bn.org.pl/record=b1153695*pol</Url><LinkStatus>NOT_CHECKED</LinkStatus></LinkObject></MetadataRecord>
<MetadataRecord xmlns="http://theeuropeanlibrary.org/internal_object_model" ID="2000048757254"><BibliographicLevelObject OrderIndex="42">MONOGRAPH</BibliographicLevelObject><CatalogingFormObject OrderIndex="41">ISBD</CatalogingFormObject><TitleObject OrderIndex="47" TitleType="MAIN"><Title>Belaruskaja ìerarchíja</Title><SubTitle>da tysjačagoddzja chryscìjanstva na Belarusì</SubTitle></TitleObject><IdentifierObject IdentifierType="LOCAL_IDENTIFIER" OrderIndex="33"><Identifier>b11536512</Identifier></IdentifierObject><IdentifierObject IdentifierType="OAIPMH" OrderIndex="35"><Identifier>urn:theeuropeanlibrary.org:a0232:b11536512</Identifier></IdentifierObject><IdentifierObject IdentifierType="LOCAL_IDENTIFIER" OrderIndex="44"><Identifier>b11536512</Identifier><Scope>a0232</Scope></IdentifierObject><IdentifierObject IdentifierType="ISBN" OrderIndex="45"><Identifier>5857001412</Identifier></IdentifierObject><IdentifierObject ContextLevel="CONTENT" FieldSource="TEL" OrderIndex="65" SpatialIdentifierType="TEL"><Identifier>1000001333694</Identifier><Scope>TEL</Scope></IdentifierObject><IllustrationsObject OrderIndex="40">NO_ILLUSTRATIONS</IllustrationsObject><SpatialEntityObject OrderIndex="54" SpatialRelation="PUBLICATION"><Identifiers><Identifier>BY</Identifier><Scope>ISO3166</Scope></Identifiers></SpatialEntityObject><NamedPlaceObject OrderIndex="52" SpatialRelation="PUBLICATION"><PlaceName>Mìnsk</PlaceName></NamedPlaceObject><PrintTypeObject OrderIndex="39">PRINTED</PrintTypeObject><ProvenanceObject OrderIndex="36"><CollectionId>a0232</CollectionId><ProviderId>P01214</ProviderId></ProvenanceObject><StatusObject OrderIndex="32">UPDATED</StatusObject><TextObject OrderIndex="46" TextRelation="STATEMENT_OF_RESPONSIBILITY"><Content>Ì. Ì. Grygarovìč.</Content></TextObject><TextObject OrderIndex="60" TextRelation="EXTENT"><Content>100, [2] s. ;</Content></TextObject><TextObject OrderIndex="61" TextRelation="EXTENT"><Content>21 cm.</Content></TextObject><TextObject NoteType="GENERAL" OrderIndex="62" TextRelation="NOTE"><Content>Teksty białorus. i pol.</Content></TextObject><TextObject NoteType="GENERAL" OrderIndex="63" TextRelation="NOTE"><Content>Zawiera m. in. teksty listów Władysława IV i Augusta III.</Content></TextObject><OrganizationObject OrderIndex="53" PartyRelation="PUBLISHER"><PartyName>"Belaruskaja Èncyklapedyja im. P. Broŭkì</PartyName></OrganizationObject><LanguageObject LanguageRelation="LANGUAGE_OF_CONTENT" OrderIndex="50">BEL</LanguageObject><LanguageObject LanguageRelation="LANGUAGE_OF_CONTENT" OrderIndex="51">POL</LanguageObject><ResourceTypeObject OrderIndex="38">TEXT</ResourceTypeObject><TopicObject OrderIndex="57"><GeographicSubdivision><NamedPlace><Identifiers><Identifier>1000001333694</Identifier><Scope>TEL</Scope></Identifiers><PlaceName>Białoruś</PlaceName></NamedPlace></GeographicSubdivision><TopicName>Kościoły prawosławne</TopicName></TopicObject><TopicObject OrderIndex="58"><GeneralSubdivision>prawosławie</GeneralSubdivision><GeographicSubdivision><NamedPlace><Identifiers><Identifier>1000001333694</Identifier><Scope>TEL</Scope></Identifiers><PlaceName>Białoruś</PlaceName></NamedPlace></GeographicSubdivision><TopicName>Zakony</TopicName></TopicObject><TopicObject OrderIndex="59"><ChronologicalSubdivision><Instant><Time>-61586265600000</Time><Granularity>MONTH</Granularity><Uncertain>false</Uncertain></Instant></ChronologicalSubdivision><TopicName>Listy polskie</TopicName></TopicObject><AudienceObject OrderIndex="43">UNKNOW</AudienceObject><InstantObject OrderIndex="34" TemporalRelation="OP_LOADED"><Time>1358943240000</Time><Granularity>SECOND</Granularity><Uncertain>false</Uncertain></InstantObject><InstantObject OrderIndex="49" TemporalRelation="PUBLICATION"><Time>694224000000</Time><Granularity>YEAR</Granularity><Uncertain>false</Uncertain></InstantObject><MetadataObject FieldSource="PROVIDER" Format="marc21" OrderIndex="37"><record xmlns="info:lc/xmlns/marcxchange-v1"><leader>01094nam a2200313 i 4500</leader><controlfield tag="001">b11536512</controlfield><controlfield tag="008">981002s1992    bw           |000 0 bel  </controlfield><datafield ind1=" " ind2=" " tag="020"><subfield code="a">5857001412</subfield></datafield><datafield ind1=" " ind2=" " tag="040"><subfield code="a">WA N</subfield><subfield code="c">WA N</subfield></datafield><datafield ind1="0" ind2=" " tag="041"><subfield code="a">belpol</subfield></datafield><datafield ind1="1" ind2=" " tag="100"><subfield code="a">Grygarovìč, Ìvan.</subfield></datafield><datafield ind1="1" ind2="0" tag="245"><subfield code="a">Belaruskaja ìerarchíja :</subfield><subfield code="b">da tysjačagoddzja chryscìjanstva na Belarusì /</subfield><subfield code="c">Ì. Ì. Grygarovìč.</subfield></datafield><datafield ind1=" " ind2=" " tag="260"><subfield code="a">Mìnsk :</subfield><subfield code="b">"Belaruskaja Èncyklapedyja im. P. Broŭkì,</subfield><subfield code="c">1992.</subfield></datafield><datafield ind1=" " ind2=" " tag="300"><subfield code="a">100, [2] s. ;</subfield><subfield code="c">21 cm.</subfield></datafield><datafield ind1=" " ind2=" " tag="500"><subfield code="a">Teksty białorus. i pol.</subfield></datafield><datafield ind1=" " ind2=" " tag="500"><subfield code="a">Zawiera m. in. teksty listów Władysława IV i Augusta III.</subfield></datafield><datafield ind1="0" ind2="4" tag="600"><subfield code="a">August</subfield><subfield code="b">III</subfield><subfield code="c">(król Polski ;</subfield><subfield code="d">1696-1763)</subfield></datafield><datafield ind1="0" ind2="4" tag="600"><subfield code="a">Władysław</subfield><subfield code="b">IV</subfield><subfield code="c">(król Polski ;</subfield><subfield code="d">1595-1648)</subfield></datafield><datafield ind1=" " ind2="4" tag="650"><subfield code="a">Kościoły prawosławne</subfield><subfield code="z">Białoruś</subfield></datafield><datafield ind1=" " ind2="4" tag="650"><subfield code="a">Zakony</subfield><subfield code="x">prawosławie</subfield><subfield code="z">Białoruś</subfield></datafield><datafield ind1=" " ind2="4" tag="655"><subfield code="a">Listy polskie</subfield><subfield code="y">17-18 w.</subfield></datafield><datafield ind1=" " ind2=" " tag="902"><subfield code="a">121219</subfield><subfield code="c">981005</subfield><subfield code="d">m</subfield><subfield code="e">a</subfield><subfield code="f">-</subfield><subfield code="g">0</subfield></datafield><datafield ind1=" " ind2=" " tag="907"><subfield code="b">bk   </subfield><subfield code="c">-</subfield></datafield><datafield ind1=" " ind2=" " tag="920"><subfield code="a">5-85700-141-2</subfield></datafield><datafield ind1=" " ind2=" " tag="960"><subfield code="a">I 1.880.404 A</subfield><subfield code="c">bk   </subfield><subfield code="h">1993 w 293/6</subfield><subfield code="i">Z 0,10</subfield><subfield code="k">1</subfield><subfield code="l">-</subfield><subfield code="o">0</subfield></datafield><datafield ind1=" " ind2=" " tag="996"><subfield code="a">.b11536512</subfield></datafield><datafield ind1=" " ind2=" " tag="998"><subfield code="a">ik</subfield><subfield code="a">o</subfield></datafield><datafield ind1=" " ind2=" " tag="999"><subfield code="a">JB</subfield><subfield code="b">js</subfield></datafield><datafield ind1=" " ind2=" " tag="999"><subfield code="a">anku</subfield><subfield code="a">ae</subfield><subfield code="a">sawi</subfield></datafield></record>