</MetadataObject><PersonObject OrderIndex="48" PartyRelation="CREATOR"><PartyName>Ìvan. Grygarovìč</PartyName><FirstNames>Ìvan.</FirstNames><Surname>Grygarovìč</Surname></PersonObject><PersonObject OrderIndex="55" PartyRelation="SUBJECT"><PartyName>August</PartyName><LifePeriod><Start><Time>-8646566400000</Time><Granularity>YEAR</Granularity><Uncertain>false</Uncertain></Start><End><Time>-6532272000000</Time><Granularity>YEAR</Granularity><Uncertain>false</Uncertain></End></LifePeriod><Surname>August</Surname></PersonObject><PersonObject OrderIndex="56" PartyRelation="SUBJECT"><PartyName>Władysław</PartyName><LifePeriod><Start><Time>-11833862400000</Time><Granularity>YEAR</Granularity><Uncertain>false</Uncertain></Start><End><Time>-10161331200000</Time><Granularity>YEAR</Granularity><Uncertain>false</Uncertain></End></LifePeriod><Surname>Władysław</Surname></PersonObject><LinkObject FieldSource="TEL" LinkTarget="CATALOGUE_RECORD" OrderIndex="64"><Url>http://alpha.bn.org.pl/record=b1153651*pol</Url><LinkStatus>NOT_CHECKED</LinkStatus></LinkObject></MetadataRecord>
<MetadataRecord xmlns="http://theeuropeanlibrary.org/internal_object_model" ID="2000048757266"><BibliographicLevelObject OrderIndex="39">MONOGRAPH</BibliographicLevelObject><CatalogingFormObject OrderIndex="38">ISBD</CatalogingFormObject><TitleObject OrderIndex="43" TitleType="MAIN"><Title>Solaris</Title></TitleObject><TitleObject OrderIndex="44" TitleType="ALTERNATIVE"><Title>Solaris</Title></TitleObject><IdentifierObject IdentifierType="LOCAL_IDENTIFIER" OrderIndex="30"><Identifier>b11536639</Identifier></IdentifierObject><IdentifierObject IdentifierType="OAIPMH" OrderIndex="32"><Identifier>urn:theeuropeanlibrary.org:a0232:b11536639</Identifier></IdentifierObject><IdentifierObject IdentifierType="LOCAL_IDENTIFIER" OrderIndex="41"><Identifier>b11536639</Identifier><Scope>a0232</Scope></IdentifierObject><IdentifierObject IdentifierType="ISBN" OrderIndex="42"><Identifier>963822455X</Identifier></IdentifierObject><IdentifierObject ContextLevel="RECORD" FieldSource="TEL" OrderIndex="59" PartyIdentifierType="TEL"><Identifier>1000020859359</Identifier><Scope>TEL</Scope></IdentifierObject><IdentifierObject ContextLevel="RECORD" FieldSource="TEL" OrderIndex="60" SpatialIdentifierType="TEL"><Identifier>1000006189649</Identifier><Scope>TEL</Scope></IdentifierObject><IllustrationsObject OrderIndex="37">NO_ILLUSTRATIONS</IllustrationsObject><SpatialEntityObject OrderIndex="51" SpatialRelation="PUBLICATION"><Identifiers><Identifier>HU</Identifier><Scope>ISO3166</Scope></Identifiers></SpatialEntityObject><NamedPlaceObject OrderIndex="49" SpatialRelation="PUBLICATION"><Identifiers><Identifier>1000006189649</Identifier><Scope>TEL</Scope></Identifiers><PlaceName>Budapest</PlaceName></NamedPlaceObject><PrintTypeObject OrderIndex="36">PRINTED</PrintTypeObject><ProvenanceObject OrderIndex="33"><CollectionId>a0232</CollectionId><ProviderId>P01214</ProviderId></ProvenanceObject><StatusObject OrderIndex="29">UPDATED</StatusObject><TextObject OrderIndex="53" TextRelation="EXTENT"><Content>196, [3] s. ;</Content></TextObject><TextObject OrderIndex="54" TextRelation="EXTENT"><Content>20 cm.</Content></TextObject><TextObject NoteType="GENERAL" OrderIndex="55" TextRelation="NOTE"><Content>Nie dublet do akc.: 1994 w 597/6 - inny ISBN, inna ilość stron nlb., w opisywanym egz. brak r. wyd.</Content></TextObject><TextObject NoteType="EXTERNAL_INDEXES" OrderIndex="56" TextRelation="NOTE"><Content>NUC CDROM.</Content></TextObject><TextObject NoteType="EXTERNAL_INDEXES" OrderIndex="57" TextRelation="NOTE"><Content>MNB.</Content></TextObject><OrganizationObject OrderIndex="50" PartyRelation="PUBLISHER"><PartyName>Magyar Könyvklub</PartyName></OrganizationObject><LanguageObject LanguageRelation="LANGUAGE_OF_CONTENT" OrderIndex="48">HUN</LanguageObject><ResourceTypeObject OrderIndex="35">TEXT</ResourceTypeObject><TopicObject OrderIndex="52"><ChronologicalSubdivision><Instant><Time>-61536240000000</Time><Granularity>YEAR</Granularity><Uncertain>false</Uncertain></Instant></ChronologicalSubdivision><TopicName>Powieść polska</TopicName></TopicObject><AudienceObject OrderIndex="40">UNKNOW</AudienceObject><InstantObject OrderIndex="31" TemporalRelation="OP_LOADED"><Time>1358943243000</Time><Granularity>SECOND</Granularity><Uncertain>false</Uncertain></InstantObject><InstantObject OrderIndex="47" TemporalRelation="PUBLICATION"><Time>757382400000</Time><Granularity>YEAR</Granularity><Uncertain>false</Uncertain></InstantObject><MetadataObject FieldSource="PROVIDER" Format="marc21" OrderIndex="34"><record xmlns="info:lc/xmlns/marcxchange-v1"><leader>00946nam a2200301 i 4500</leader><controlfield tag="001">b11536639</controlfield><controlfield tag="008">981002s1994    hu           |000 f hun  </controlfield><datafield ind1=" " ind2=" " tag="020"><subfield code="a">963822455X</subfield></datafield><datafield ind1=" " ind2=" " tag="040"><subfield code="a">WA N</subfield><subfield code="c">WA N</subfield></datafield><datafield ind1="1" ind2=" " tag="041"><subfield code="a">hun</subfield><subfield code="h">pol</subfield></datafield><datafield ind1="1" ind2=" " tag="100"><subfield code="a">Lem, Stanisław</subfield><subfield code="d">(1921-2006).</subfield></datafield><datafield ind1="1" ind2="0" tag="245"><subfield code="a">Solaris /</subfield><subfield code="c">Stanisław Lem ; ford. Murányi Beatrix.</subfield></datafield><datafield ind1="1" ind2=" " tag="246"><subfield code="i">Tyt. oryg.:</subfield><subfield code="a">Solaris</subfield></datafield><datafield ind1=" " ind2=" " tag="260"><subfield code="a">Budapest :</subfield><subfield code="b">Magyar Könyvklub,</subfield><subfield code="c">[1994?].</subfield></datafield><datafield ind1=" " ind2=" " tag="300"><subfield code="a">196, [3] s. ;</subfield><subfield code="c">20 cm.</subfield></datafield><datafield ind1=" " ind2=" " tag="500"><subfield code="a">Nie dublet do akc.: 1994 w 597/6 - inny ISBN, inna ilość stron nlb., w opisywanym egz. brak r. wyd.</subfield></datafield><datafield ind1="3" ind2=" " tag="510"><subfield code="a">NUC CDROM.</subfield></datafield><datafield ind1="3" ind2=" " tag="510"><subfield code="a">MNB.</subfield></datafield><datafield ind1=" " ind2="4" tag="655"><subfield code="a">Powieść polska</subfield><subfield code="y">20 w.</subfield></datafield><datafield ind1="1" ind2=" " tag="700"><subfield code="a">Murányi, Beatrix</subfield><subfield code="d">(1931- ).</subfield><subfield code="e">Tł.</subfield></datafield><datafield ind1=" " ind2=" " tag="902"><subfield code="a">121211</subfield><subfield code="c">981005</subfield><subfield code="d">m</subfield><subfield code="e">a</subfield><subfield code="f">-</subfield><subfield code="g">0</subfield></datafield><datafield ind1=" " ind2=" " tag="907"><subfield code="b">bk   </subfield><subfield code="c">-</subfield></datafield><datafield ind1=" " ind2=" " tag="920"><subfield code="a">963-8224-55-X</subfield></datafield><datafield ind1=" " ind2=" " tag="960"><subfield code="a">I 1.880.079 A</subfield><subfield code="c">bk   </subfield><subfield code="h">1994 w 294/1</subfield><subfield code="i">Z 0,10</subfield><subfield code="k">2</subfield><subfield code="l">-</subfield><subfield code="o">0</subfield></datafield><datafield ind1=" " ind2=" " tag="996"><subfield code="a">.b11536639</subfield></datafield><datafield ind1=" " ind2=" " tag="998"><subfield code="a">ik</subfield><subfield code="a">o</subfield></datafield><datafield ind1=" " ind2=" " tag="999"><subfield code="a">JB</subfield><subfield code="b">js</subfield><subfield code="b">mb</subfield></datafield><datafield ind1=" " ind2=" " tag="999"><subfield code="a">resi</subfield></datafield></record>