</MetadataObject><PersonObject OrderIndex="45" PartyRelation="CREATOR"><PartyName>Stanisław Lem</PartyName><LifePeriod><Start><Time>-1546300800000</Time><Granularity>YEAR</Granularity><Uncertain>false</Uncertain></Start><End><Time>1136073600000</Time><Granularity>YEAR</Granularity><Uncertain>false</Uncertain></End></LifePeriod><FirstNames>Stanisław</FirstNames><Surname>Lem</Surname></PersonObject><PersonObject OrderIndex="46" PartyRelation="CONTRIBUTOR"><PartyName>Beatrix Murányi</PartyName><Identifiers><Identifier>1000020859359</Identifier><Scope>TEL</Scope></Identifiers><LifePeriod><Start><Time>-1230768000000</Time><Granularity>YEAR</Granularity><Uncertain>false</Uncertain></Start></LifePeriod><FirstNames>Beatrix</FirstNames><Surname>Murányi</Surname></PersonObject><LinkObject FieldSource="TEL" LinkTarget="CATALOGUE_RECORD" OrderIndex="58"><Url>http://alpha.bn.org.pl/record=b1153663*pol</Url><LinkStatus>NOT_CHECKED</LinkStatus></LinkObject></MetadataRecord>
<MetadataRecord xmlns="http://theeuropeanlibrary.org/internal_object_model" ID="2000048757370"><BibliographicLevelObject OrderIndex="37">MONOGRAPH</BibliographicLevelObject><CatalogingFormObject OrderIndex="36">ISBD</CatalogingFormObject><TitleObject OrderIndex="42" TitleType="MAIN"><Title>Głoska a litera</Title><SubTitle>ćwiczenia dla dzieci z trudnościami w czytaniu i pisaniu</SubTitle></TitleObject><IdentifierObject IdentifierType="LOCAL_IDENTIFIER" OrderIndex="28"><Identifier>b11537693</Identifier></IdentifierObject><IdentifierObject IdentifierType="OAIPMH" OrderIndex="30"><Identifier>urn:theeuropeanlibrary.org:a0232:b11537693</Identifier></IdentifierObject><IdentifierObject IdentifierType="LOCAL_IDENTIFIER" OrderIndex="39"><Identifier>b11537693</Identifier><Scope>a0232</Scope></IdentifierObject><IdentifierObject IdentifierType="ISBN" OrderIndex="40"><Identifier>8386018062</Identifier></IdentifierObject><IdentifierObject ContextLevel="RECORD" FieldSource="TEL" OrderIndex="55" PartyIdentifierType="TEL"><Identifier>3000004330987</Identifier><Scope>TEL</Scope></IdentifierObject><IdentifierObject ContextLevel="RECORD" FieldSource="TEL" OrderIndex="56" PartyIdentifierType="TEL"><Identifier>1000019171307</Identifier><Scope>TEL</Scope></IdentifierObject><IdentifierObject ContextLevel="RECORD" FieldSource="TEL" OrderIndex="57" PartyIdentifierType="TEL"><Identifier>1000021243883</Identifier><Scope>TEL</Scope></IdentifierObject><IdentifierObject ContextLevel="RECORD" FieldSource="TEL" OrderIndex="58" SpatialIdentifierType="TEL"><Identifier>1000001587202</Identifier><Scope>TEL</Scope></IdentifierObject><IllustrationsObject OrderIndex="35">NO_ILLUSTRATIONS</IllustrationsObject><SpatialEntityObject OrderIndex="48" SpatialRelation="PUBLICATION"><Identifiers><Identifier>PL</Identifier><Scope>ISO3166</Scope></Identifiers></SpatialEntityObject><NamedPlaceObject OrderIndex="46" SpatialRelation="PUBLICATION"><Identifiers><Identifier>1000001587202</Identifier><Scope>TEL</Scope></Identifiers><PlaceName>Warszawa</PlaceName></NamedPlaceObject><PrintTypeObject OrderIndex="34">PRINTED</PrintTypeObject><ProvenanceObject OrderIndex="31"><CollectionId>a0232</CollectionId><ProviderId>P01214</ProviderId></ProvenanceObject><StatusObject OrderIndex="27">UPDATED</StatusObject><TextObject OrderIndex="41" TextRelation="STATEMENT_OF_RESPONSIBILITY"><Content>Helena Grzelachowska.</Content></TextObject><TextObject OrderIndex="51" TextRelation="EXTENT"><Content>[2], 8, [1] s., [23] k. rys. ;</Content></TextObject><TextObject OrderIndex="52" TextRelation="EXTENT"><Content>21 cm.</Content></TextObject><TextObject OrderIndex="53" TextRelation="AUDIENCE"><Content>Pozycja rekomendowana przez Polskie Towarzystwo Dysleksji.</Content></TextObject><OrganizationObject OrderIndex="47" PartyRelation="PUBLISHER"><PartyName>"Stentor"</PartyName><Identifiers><Identifier>3000004330987</Identifier><Scope>TEL</Scope></Identifiers><Identifiers><Identifier>1000019171307</Identifier><Scope>TEL</Scope></Identifiers></OrganizationObject><LanguageObject LanguageRelation="LANGUAGE_OF_CONTENT" OrderIndex="45">POL</LanguageObject><ResourceTypeObject OrderIndex="33">TEXT</ResourceTypeObject><TopicObject OrderIndex="49"><GeneralSubdivision>nauczanie początkowe</GeneralSubdivision><TopicName>Język polski</TopicName></TopicObject><TopicObject OrderIndex="50"><TopicName>Ćwiczenia i zadania do nauczania początkowego</TopicName></TopicObject><AudienceObject OrderIndex="38">UNKNOW</AudienceObject><InstantObject OrderIndex="29" TemporalRelation="OP_LOADED"><Time>1358943240000</Time><Granularity>SECOND</Granularity><Uncertain>false</Uncertain></InstantObject><InstantObject OrderIndex="44" TemporalRelation="PUBLICATION"><Time>725846400000</Time><Granularity>YEAR</Granularity><Uncertain>false</Uncertain></InstantObject><MetadataObject FieldSource="PROVIDER" Format="marc21" OrderIndex="32"><record xmlns="info:lc/xmlns/marcxchange-v1"><leader>00890nam a2200253 i 4500</leader><controlfield tag="001">b11537693</controlfield><controlfield tag="008">981002s1993    pl           |000 0 pol  </controlfield><datafield ind1=" " ind2=" " tag="020"><subfield code="a">8386018062</subfield></datafield><datafield ind1=" " ind2=" " tag="040"><subfield code="a">WA N</subfield><subfield code="c">WA N</subfield></datafield><datafield ind1="1" ind2=" " tag="100"><subfield code="a">Grzelachowska, Helena.</subfield></datafield><datafield ind1="1" ind2="0" tag="245"><subfield code="a">Głoska a litera :</subfield><subfield code="b">ćwiczenia dla dzieci z trudnościami w czytaniu i pisaniu /</subfield><subfield code="c">Helena Grzelachowska.</subfield></datafield><datafield ind1=" " ind2=" " tag="260"><subfield code="a">Warszawa :</subfield><subfield code="b">"Stentor",</subfield><subfield code="c">cop. 1993</subfield><subfield code="e">([s.l. :</subfield><subfield code="f">s. n.]).</subfield></datafield><datafield ind1=" " ind2=" " tag="300"><subfield code="a">[2], 8, [1] s., [23] k. rys. ;</subfield><subfield code="c">21 cm.</subfield></datafield><datafield ind1=" " ind2=" " tag="521"><subfield code="a">Pozycja rekomendowana przez Polskie Towarzystwo Dysleksji.</subfield></datafield><datafield ind1=" " ind2="4" tag="650"><subfield code="a">Język polski</subfield><subfield code="x">nauczanie początkowe</subfield></datafield><datafield ind1=" " ind2="4" tag="655"><subfield code="a">Ćwiczenia i zadania do nauczania początkowego</subfield></datafield><datafield ind1=" " ind2=" " tag="902"><subfield code="a">121211</subfield><subfield code="c">981005</subfield><subfield code="d">m</subfield><subfield code="e">a</subfield><subfield code="f">-</subfield><subfield code="g">0</subfield></datafield><datafield ind1=" " ind2=" " tag="907"><subfield code="b">bk   </subfield><subfield code="c">-</subfield></datafield><datafield ind1=" " ind2=" " tag="920"><subfield code="a">83-86018-06-2</subfield></datafield><datafield ind1=" " ind2=" " tag="960"><subfield code="a">II 1.358.853 A</subfield><subfield code="c">bk   </subfield><subfield code="h">1994 e 5013</subfield><subfield code="i">Z 0,03</subfield><subfield code="k">1</subfield><subfield code="l">-</subfield><subfield code="o">0</subfield></datafield><datafield ind1=" " ind2=" " tag="996"><subfield code="a">.b11537693</subfield></datafield><datafield ind1=" " ind2=" " tag="998"><subfield code="a">ik</subfield><subfield code="a">o</subfield></datafield><datafield ind1=" " ind2=" " tag="999"><subfield code="a">hg</subfield><subfield code="b">rg</subfield></datafield><datafield ind1=" " ind2=" " tag="999"><subfield code="a">emal</subfield></datafield></record>