</MetadataObject><PersonObject OrderIndex="43" PartyRelation="CREATOR"><PartyName>Helena. Grzelachowska</PartyName><Identifiers><Identifier>1000021243883</Identifier><Scope>TEL</Scope></Identifiers><FirstNames>Helena.</FirstNames><Surname>Grzelachowska</Surname></PersonObject><LinkObject FieldSource="TEL" LinkTarget="CATALOGUE_RECORD" OrderIndex="54"><Url>http://alpha.bn.org.pl/record=b1153769*pol</Url><LinkStatus>NOT_CHECKED</LinkStatus></LinkObject></MetadataRecord>
<MetadataRecord xmlns="http://theeuropeanlibrary.org/internal_object_model" ID="2000048757323"><BibliographicLevelObject OrderIndex="36">MONOGRAPH</BibliographicLevelObject><CatalogingFormObject OrderIndex="35">ISBD</CatalogingFormObject><TitleObject OrderIndex="39" TitleType="MAIN"><Title>Krzyżówki z historii dla uczniów szkół podstawowych</Title></TitleObject><IdentifierObject IdentifierType="LOCAL_IDENTIFIER" OrderIndex="27"><Identifier>b1153722x</Identifier></IdentifierObject><IdentifierObject IdentifierType="OAIPMH" OrderIndex="29"><Identifier>urn:theeuropeanlibrary.org:a0232:b1153722x</Identifier></IdentifierObject><IdentifierObject IdentifierType="LOCAL_IDENTIFIER" OrderIndex="38"><Identifier>b1153722x</Identifier><Scope>a0232</Scope></IdentifierObject><IdentifierObject ContextLevel="CONTENT" FieldSource="TEL" KnowledgeOrganizationSystem="TEL" OrderIndex="53"><Identifier>1000000089000</Identifier><Scope>TEL</Scope></IdentifierObject><IdentifierObject ContextLevel="RECORD" FieldSource="TEL" OrderIndex="54" SpatialIdentifierType="TEL"><Identifier>1000006255781</Identifier><Scope>TEL</Scope></IdentifierObject><IllustrationsObject OrderIndex="34">NO_ILLUSTRATIONS</IllustrationsObject><SpatialEntityObject OrderIndex="45" SpatialRelation="PUBLICATION"><Identifiers><Identifier>PL</Identifier><Scope>ISO3166</Scope></Identifiers></SpatialEntityObject><NamedPlaceObject OrderIndex="43" SpatialRelation="PUBLICATION"><Identifiers><Identifier>1000006255781</Identifier><Scope>TEL</Scope></Identifiers><PlaceName>Racibórz</PlaceName></NamedPlaceObject><PrintTypeObject OrderIndex="33">PRINTED</PrintTypeObject><ProvenanceObject OrderIndex="30"><CollectionId>a0232</CollectionId><ProviderId>P01214</ProviderId></ProvenanceObject><StatusObject OrderIndex="26">UPDATED</StatusObject><TextObject OrderIndex="50" TextRelation="EXTENT"><Content>63, [1] s. ;</Content></TextObject><TextObject OrderIndex="51" TextRelation="EXTENT"><Content>30 cm.</Content></TextObject><OrganizationObject OrderIndex="44" PartyRelation="PUBLISHER"><PartyName>Nowiny Raciborskie</PartyName></OrganizationObject><LanguageObject LanguageRelation="LANGUAGE_OF_CONTENT" OrderIndex="42">POL</LanguageObject><ResourceTypeObject OrderIndex="32">TEXT</ResourceTypeObject><TopicObject OrderIndex="46"><TopicName>Krzyżówki (gry)</TopicName></TopicObject><TopicObject OrderIndex="47"><TopicName>Gry edukacyjne</TopicName></TopicObject><TopicObject OrderIndex="48"><GeneralSubdivision>szkoły podstawowe</GeneralSubdivision><TopicName>Historia</TopicName><Identifiers><Identifier>1000000089000</Identifier><Scope>TEL</Scope></Identifiers></TopicObject><TopicObject OrderIndex="49"><TopicName>Ćwiczenia i zadania dla szkół podstawowych</TopicName></TopicObject><AudienceObject OrderIndex="37">UNKNOW</AudienceObject><InstantObject OrderIndex="28" TemporalRelation="OP_LOADED"><Time>1358943240000</Time><Granularity>SECOND</Granularity><Uncertain>false</Uncertain></InstantObject><InstantObject OrderIndex="41" TemporalRelation="PUBLICATION"><Time>725846400000</Time><Granularity>YEAR</Granularity><Uncertain>false</Uncertain></InstantObject><MetadataObject FieldSource="PROVIDER" Format="marc21" OrderIndex="31"><record xmlns="info:lc/xmlns/marcxchange-v1"><leader>00902nam a2200265 i 4500</leader><controlfield tag="001">b1153722x</controlfield><controlfield tag="008">981002s1993    pl           |000 0 pol  </controlfield><datafield ind1=" " ind2=" " tag="040"><subfield code="a">WA N</subfield><subfield code="c">WA N</subfield></datafield><datafield ind1="1" ind2=" " tag="100"><subfield code="a">Płonka, Władysław.</subfield></datafield><datafield ind1="1" ind2="0" tag="245"><subfield code="a">Krzyżówki z historii dla uczniów szkół podstawowych /</subfield><subfield code="c">Władysław Płonka.</subfield></datafield><datafield ind1=" " ind2=" " tag="260"><subfield code="a">Racibórz :</subfield><subfield code="b">Nowiny Raciborskie,</subfield><subfield code="c">1993</subfield><subfield code="e">([Ostrava] :</subfield><subfield code="f">Ostravske Tisk.).</subfield></datafield><datafield ind1=" " ind2=" " tag="300"><subfield code="a">63, [1] s. ;</subfield><subfield code="c">30 cm.</subfield></datafield><datafield ind1=" " ind2="4" tag="650"><subfield code="a">Krzyżówki (gry)</subfield></datafield><datafield ind1=" " ind2="4" tag="650"><subfield code="a">Gry edukacyjne</subfield></datafield><datafield ind1=" " ind2="4" tag="650"><subfield code="a">Historia</subfield><subfield code="x">szkoły podstawowe</subfield></datafield><datafield ind1=" " ind2="4" tag="655"><subfield code="a">Ćwiczenia i zadania dla szkół podstawowych</subfield></datafield><datafield ind1=" " ind2=" " tag="902"><subfield code="a">121211</subfield><subfield code="c">981005</subfield><subfield code="d">m</subfield><subfield code="e">a</subfield><subfield code="f">-</subfield><subfield code="g">0</subfield></datafield><datafield ind1=" " ind2=" " tag="907"><subfield code="b">bk   </subfield><subfield code="c">-</subfield></datafield><datafield ind1=" " ind2=" " tag="960"><subfield code="a">III 1.789.044</subfield><subfield code="c">bk   </subfield><subfield code="d">30001009706345</subfield><subfield code="h">1994 e 5486/2</subfield><subfield code="i">Z 0,03</subfield><subfield code="k">1</subfield><subfield code="l">-</subfield><subfield code="o">1</subfield></datafield><datafield ind1=" " ind2=" " tag="960"><subfield code="a">III 1.399.041 A</subfield><subfield code="c">bk   </subfield><subfield code="h">1994 e 5486/1</subfield><subfield code="i">Z 0,03</subfield><subfield code="k">1</subfield><subfield code="l">-</subfield><subfield code="o">0</subfield></datafield><datafield ind1=" " ind2=" " tag="996"><subfield code="a">.b1153722x</subfield></datafield><datafield ind1=" " ind2=" " tag="998"><subfield code="a">ik</subfield><subfield code="a">o</subfield></datafield><datafield ind1=" " ind2=" " tag="999"><subfield code="a">ak</subfield><subfield code="b">rg</subfield></datafield><datafield ind1=" " ind2=" " tag="999"><subfield code="a">resi</subfield><subfield code="a">rodo</subfield></datafield><datafield ind1=" " ind2=" " tag="999"><subfield code="a">ae</subfield></datafield></record>