</MetadataObject><PersonObject OrderIndex="40" PartyRelation="CREATOR"><PartyName>Władysław. Płonka</PartyName><FirstNames>Władysław.</FirstNames><Surname>Płonka</Surname></PersonObject><LinkObject FieldSource="TEL" LinkTarget="CATALOGUE_RECORD" OrderIndex="52"><Url>http://alpha.bn.org.pl/record=b1153722*pol</Url><LinkStatus>NOT_CHECKED</LinkStatus></LinkObject></MetadataRecord>
<MetadataRecord xmlns="http://theeuropeanlibrary.org/internal_object_model" ID="2000048757340"><BibliographicLevelObject OrderIndex="36">MONOGRAPH</BibliographicLevelObject><CatalogingFormObject OrderIndex="35">ISBD</CatalogingFormObject><TitleObject OrderIndex="40" TitleType="MAIN"><Title>Budownictwo mieszkaniowe</Title><SubTitle>(zbiór opracowań i wybranych dokumentów za okres październik 1985 r.-luty 1987 r.)</SubTitle></TitleObject><IdentifierObject IdentifierType="LOCAL_IDENTIFIER" OrderIndex="27"><Identifier>b11537395</Identifier></IdentifierObject><IdentifierObject IdentifierType="OAIPMH" OrderIndex="29"><Identifier>urn:theeuropeanlibrary.org:a0232:b11537395</Identifier></IdentifierObject><IdentifierObject IdentifierType="LOCAL_IDENTIFIER" OrderIndex="38"><Identifier>b11537395</Identifier><Scope>a0232</Scope></IdentifierObject><IdentifierObject ContextLevel="RECORD" FieldSource="TEL" OrderIndex="53" PartyIdentifierType="TEL"><Identifier>1000021165922</Identifier><Scope>TEL</Scope></IdentifierObject><IdentifierObject ContextLevel="RECORD" FieldSource="TEL" OrderIndex="54" SpatialIdentifierType="TEL"><Identifier>1000001587202</Identifier><Scope>TEL</Scope></IdentifierObject><IllustrationsObject OrderIndex="34">NO_ILLUSTRATIONS</IllustrationsObject><SpatialEntityObject OrderIndex="46" SpatialRelation="PUBLICATION"><Identifiers><Identifier>PL</Identifier><Scope>ISO3166</Scope></Identifiers></SpatialEntityObject><NamedPlaceObject OrderIndex="44" SpatialRelation="PUBLICATION"><Identifiers><Identifier>1000001587202</Identifier><Scope>TEL</Scope></Identifiers><PlaceName>Warszawa</PlaceName></NamedPlaceObject><PrintTypeObject OrderIndex="33">PRINTED</PrintTypeObject><ProvenanceObject OrderIndex="30"><CollectionId>a0232</CollectionId><ProviderId>P01214</ProviderId></ProvenanceObject><StatusObject OrderIndex="26">UPDATED</StatusObject><TextObject OrderIndex="39" TextRelation="STATEMENT_OF_RESPONSIBILITY"><Content>Rada do spraw mieszkaniowych przy Radzie Ministrów ; [przygot. do druku R. Nowicki, A. Paszyński, M. Pawilonis).</Content></TextObject><TextObject OrderIndex="48" TextRelation="EXTENT"><Content>224 s. wiele liczb. ;</Content></TextObject><TextObject OrderIndex="49" TextRelation="EXTENT"><Content>30 cm.</Content></TextObject><TextObject NoteType="GENERAL" OrderIndex="50" TextRelation="NOTE"><Content>Do użytku wew.</Content></TextObject><TextObject OrderIndex="51" TextRelation="RELATION"><Content>Zbiór opracowań i dokumentów za okres marzec 1987-sierpień 1988 PB poz. 7173/91.</Content></TextObject><OrganizationObject OrderIndex="45" PartyRelation="PUBLISHER"><PartyName>RdSM przy RM</PartyName></OrganizationObject><LanguageObject LanguageRelation="LANGUAGE_OF_CONTENT" OrderIndex="43">POL</LanguageObject><ResourceTypeObject OrderIndex="32">TEXT</ResourceTypeObject><TopicObject OrderIndex="47"><GeneralSubdivision>polityka</GeneralSubdivision><ChronologicalSubdivision><Instant><Time>315532800000</Time><Granularity>YEAR</Granularity><Uncertain>false</Uncertain></Instant></ChronologicalSubdivision><GeographicSubdivision><NamedPlace><PlaceName>Polska</PlaceName></NamedPlace></GeographicSubdivision><TopicName>Budownictwo mieszkaniowe</TopicName></TopicObject><AudienceObject OrderIndex="37">UNKNOW</AudienceObject><InstantObject OrderIndex="28" TemporalRelation="OP_LOADED"><Time>1358943240000</Time><Granularity>SECOND</Granularity><Uncertain>false</Uncertain></InstantObject><InstantObject OrderIndex="42" TemporalRelation="PUBLICATION"><Time>536457600000</Time><Granularity>YEAR</Granularity><Uncertain>false</Uncertain></InstantObject><MetadataObject FieldSource="PROVIDER" Format="marc21" OrderIndex="31"><record xmlns="info:lc/xmlns/marcxchange-v1"><leader>01059nam a2200241 i 4500</leader><controlfield tag="001">b11537395</controlfield><controlfield tag="008">981002s1987    pl           |000 0 pol  </controlfield><datafield ind1=" " ind2=" " tag="040"><subfield code="a">WA N</subfield><subfield code="c">WA N</subfield></datafield><datafield ind1="0" ind2="0" tag="245"><subfield code="a">Budownictwo mieszkaniowe :</subfield><subfield code="b">(zbiór opracowań i wybranych dokumentów za okres październik 1985 r.-luty 1987 r.) /</subfield><subfield code="c">Rada do spraw mieszkaniowych przy Radzie Ministrów ; [przygot. do druku R. Nowicki, A. Paszyński, M. Pawilonis).</subfield></datafield><datafield ind1=" " ind2=" " tag="260"><subfield code="a">Warszawa :</subfield><subfield code="b">RdSM przy RM,</subfield><subfield code="c">1987</subfield><subfield code="e">([Warszawa] :</subfield><subfield code="f">ZWP COIB).</subfield></datafield><datafield ind1=" " ind2=" " tag="300"><subfield code="a">224 s. wiele liczb. ;</subfield><subfield code="c">30 cm.</subfield></datafield><datafield ind1=" " ind2=" " tag="500"><subfield code="a">Do użytku wew.</subfield></datafield><datafield ind1=" " ind2=" " tag="580"><subfield code="a">Zbiór opracowań i dokumentów za okres marzec 1987-sierpień 1988 PB poz. 7173/91.</subfield></datafield><datafield ind1=" " ind2="4" tag="650"><subfield code="a">Budownictwo mieszkaniowe</subfield><subfield code="x">polityka</subfield><subfield code="z">Polska</subfield><subfield code="y">od 1980 r.</subfield></datafield><datafield ind1="1" ind2=" " tag="700"><subfield code="a">Nowicki, Roman.</subfield><subfield code="e">Oprac.</subfield></datafield><datafield ind1=" " ind2=" " tag="902"><subfield code="a">121211</subfield><subfield code="c">981005</subfield><subfield code="d">m</subfield><subfield code="e">a</subfield><subfield code="f">-</subfield><subfield code="g">0</subfield></datafield><datafield ind1=" " ind2=" " tag="907"><subfield code="b">bk   </subfield><subfield code="c">-</subfield></datafield><datafield ind1=" " ind2=" " tag="960"><subfield code="a">III 1.785.013</subfield><subfield code="c">bk   </subfield><subfield code="d">30001009680959</subfield><subfield code="h">1987 e 7601/2</subfield><subfield code="i">Z 0,08</subfield><subfield code="k">1</subfield><subfield code="l">-</subfield><subfield code="o">1</subfield></datafield><datafield ind1=" " ind2=" " tag="960"><subfield code="a">III 1.395.011 A</subfield><subfield code="c">bk   </subfield><subfield code="h">1987 e 7601/1</subfield><subfield code="i">Z 0,08</subfield><subfield code="k">1</subfield><subfield code="l">-</subfield><subfield code="o">0</subfield></datafield><datafield ind1=" " ind2=" " tag="996"><subfield code="a">.b11537395</subfield></datafield><datafield ind1=" " ind2=" " tag="998"><subfield code="a">ik</subfield><subfield code="a">o</subfield></datafield><datafield ind1=" " ind2=" " tag="999"><subfield code="a">hg</subfield><subfield code="b">rg</subfield></datafield><datafield ind1=" " ind2=" " tag="999"><subfield code="a">mabl</subfield></datafield></record>