</MetadataObject><PersonObject OrderIndex="41" PartyRelation="CONTRIBUTOR"><PartyName>Roman. Nowicki</PartyName><Identifiers><Identifier>1000021165922</Identifier><Scope>TEL</Scope></Identifiers><FirstNames>Roman.</FirstNames><Surname>Nowicki</Surname></PersonObject><LinkObject FieldSource="TEL" LinkTarget="CATALOGUE_RECORD" OrderIndex="52"><Url>http://alpha.bn.org.pl/record=b1153739*pol</Url><LinkStatus>NOT_CHECKED</LinkStatus></LinkObject></MetadataRecord>
<MetadataRecord xmlns="http://theeuropeanlibrary.org/internal_object_model" ID="2000048757422"><BibliographicLevelObject OrderIndex="43">MONOGRAPH</BibliographicLevelObject><CatalogingFormObject OrderIndex="42">ISBD</CatalogingFormObject><TitleObject OrderIndex="48" TitleType="MAIN"><Title>Chemia</Title><SubTitle>[kl.] 7 : zeszyt do ćwiczeń</SubTitle></TitleObject><IdentifierObject IdentifierType="LOCAL_IDENTIFIER" OrderIndex="33"><Identifier>b11538223</Identifier></IdentifierObject><IdentifierObject IdentifierType="OAIPMH" OrderIndex="35"><Identifier>urn:theeuropeanlibrary.org:a0232:b11538223</Identifier></IdentifierObject><IdentifierObject IdentifierType="LOCAL_IDENTIFIER" OrderIndex="45"><Identifier>b11538223</Identifier><Scope>a0232</Scope></IdentifierObject><IdentifierObject IdentifierType="ISBN" OrderIndex="46"><Identifier>8385722157</Identifier></IdentifierObject><IdentifierObject ContextLevel="RECORD" FieldSource="TEL" OrderIndex="65" PartyIdentifierType="TEL"><Identifier>1000015812297</Identifier><Scope>TEL</Scope></IdentifierObject><IdentifierObject ContextLevel="RECORD" FieldSource="TEL" OrderIndex="66" SpatialIdentifierType="TEL"><Identifier>1000001587202</Identifier><Scope>TEL</Scope></IdentifierObject><IllustrationsObject OrderIndex="40">ILLUSTRATIONS</IllustrationsObject><IllustrationsObject OrderIndex="41">NO_ILLUSTRATIONS</IllustrationsObject><SpatialEntityObject OrderIndex="56" SpatialRelation="PUBLICATION"><Identifiers><Identifier>PL</Identifier><Scope>ISO3166</Scope></Identifiers></SpatialEntityObject><NamedPlaceObject OrderIndex="54" SpatialRelation="PUBLICATION"><Identifiers><Identifier>1000001587202</Identifier><Scope>TEL</Scope></Identifiers><PlaceName>Warszawa</PlaceName></NamedPlaceObject><PrintTypeObject OrderIndex="39">PRINTED</PrintTypeObject><ProvenanceObject OrderIndex="36"><CollectionId>a0232</CollectionId><ProviderId>P01214</ProviderId></ProvenanceObject><StatusObject OrderIndex="32">UPDATED</StatusObject><TextObject OrderIndex="47" TextRelation="STATEMENT_OF_RESPONSIBILITY"><Content>Bożena Kałuża.</Content></TextObject><TextObject OrderIndex="59" TextRelation="FORMAT_UNCONTROLED"><Content>il. ;</Content></TextObject><TextObject OrderIndex="60" TextRelation="EXTENT"><Content>91, [1] s., [2] k. tabl. :</Content></TextObject><TextObject OrderIndex="61" TextRelation="EXTENT"><Content>24 cm.</Content></TextObject><TextObject NoteType="GENERAL" OrderIndex="62" TextRelation="NOTE"><Content>Tekst także na s. 2-3 okł.</Content></TextObject><TextObject NoteType="GENERAL" OrderIndex="63" TextRelation="NOTE"><Content>Nie dublet: II 1.701.711 i II 1.357.845 A, także wyd. 3 ale z 1993 r. dr. Ciechanów "Gryf".</Content></TextObject><OrganizationObject OrderIndex="50" PartyRelation="CONTRIBUTOR"><PartyName>Żak, Wydawnictwo Edukacyjne.</PartyName><Subdivision/></OrganizationObject><OrganizationObject OrderIndex="55" PartyRelation="PUBLISHER"><PartyName>Żak Wydaw. Edukacyjne Z. Dobkowskiej</PartyName></OrganizationObject><LanguageObject LanguageRelation="LANGUAGE_OF_CONTENT" OrderIndex="52">POL</LanguageObject><ResourceTypeObject OrderIndex="38">TEXT</ResourceTypeObject><TopicObject OrderIndex="57"><GeneralSubdivision>szkoły podstawowe</GeneralSubdivision><TopicName>Chemia</TopicName></TopicObject><TopicObject OrderIndex="58"><TopicName>Ćwiczenia i zadania dla szkół podstawowych</TopicName></TopicObject><AudienceObject OrderIndex="44">UNKNOW</AudienceObject><InstantObject OrderIndex="34" TemporalRelation="OP_LOADED"><Time>1358943240000</Time><Granularity>SECOND</Granularity><Uncertain>false</Uncertain></InstantObject><InstantObject OrderIndex="51" TemporalRelation="PUBLICATION"><Time>757382400000</Time><Granularity>YEAR</Granularity><Uncertain>false</Uncertain></InstantObject><MetadataObject FieldSource="PROVIDER" Format="marc21" OrderIndex="37"><record xmlns="info:lc/xmlns/marcxchange-v1"><leader>01134nam a2200301 i 4500</leader><controlfield tag="001">b11538223</controlfield><controlfield tag="008">981002s1994    pl a         |000 0 pol  </controlfield><datafield ind1=" " ind2=" " tag="020"><subfield code="a">8385722157</subfield></datafield><datafield ind1=" " ind2=" " tag="040"><subfield code="a">WA N</subfield><subfield code="c">WA N</subfield></datafield><datafield ind1="1" ind2=" " tag="100"><subfield code="a">Kałuża, Bożena.</subfield></datafield><datafield ind1="1" ind2="0" tag="245"><subfield code="a">Chemia :</subfield><subfield code="b">[kl.] 7 : zeszyt do ćwiczeń /</subfield><subfield code="c">Bożena Kałuża.</subfield></datafield><datafield ind1=" " ind2=" " tag="250"><subfield code="a">Wyd. 3.</subfield></datafield><datafield ind1=" " ind2=" " tag="260"><subfield code="a">Warszawa :</subfield><subfield code="b">Żak Wydaw. Edukacyjne Z. Dobkowskiej,</subfield><subfield code="c">1994</subfield><subfield code="e">(Szczecin :</subfield><subfield code="f">Szczec. Zakł. Graf.).</subfield></datafield><datafield ind1=" " ind2=" " tag="300"><subfield code="a">91, [1] s., [2] k. tabl. :</subfield><subfield code="b">il. ;</subfield><subfield code="c">24 cm.</subfield></datafield><datafield ind1=" " ind2=" " tag="500"><subfield code="a">Tekst także na s. 2-3 okł.</subfield></datafield><datafield ind1=" " ind2=" " tag="500"><subfield code="a">Nie dublet: II 1.701.711 i II 1.357.845 A, także wyd. 3 ale z 1993 r. dr. Ciechanów "Gryf".</subfield></datafield><datafield ind1=" " ind2="4" tag="650"><subfield code="a">Chemia</subfield><subfield code="x">szkoły podstawowe</subfield></datafield><datafield ind1=" " ind2="4" tag="655"><subfield code="a">Ćwiczenia i zadania dla szkół podstawowych</subfield></datafield><datafield ind1="2" ind2=" " tag="710"><subfield code="a">Żak, Wydawnictwo Edukacyjne.</subfield><subfield code="e">Wyd.</subfield></datafield><datafield ind1=" " ind2=" " tag="902"><subfield code="a">121211</subfield><subfield code="c">981005</subfield><subfield code="d">m</subfield><subfield code="e">a</subfield><subfield code="f">-</subfield><subfield code="g">0</subfield></datafield><datafield ind1=" " ind2=" " tag="907"><subfield code="b">bk   </subfield><subfield code="c">-</subfield></datafield><datafield ind1=" " ind2=" " tag="920"><subfield code="a">83-85722-15-7</subfield></datafield><datafield ind1=" " ind2=" " tag="960"><subfield code="a">II 1.702.212</subfield><subfield code="c">bk   </subfield><subfield code="d">30001005173135</subfield><subfield code="h">1994 e 7351/22</subfield><subfield code="i">Z 0,08</subfield><subfield code="k">1</subfield><subfield code="l">-</subfield><subfield code="o">1</subfield></datafield><datafield ind1=" " ind2=" " tag="960"><subfield code="a">II 1.840.610 A</subfield><subfield code="c">bk   </subfield><subfield code="d">30001009348675</subfield><subfield code="h">1994 e 7351/21</subfield><subfield code="i">Z 0,08</subfield><subfield code="k">1</subfield><subfield code="l">-</subfield><subfield code="o">0</subfield></datafield><datafield ind1=" " ind2=" " tag="996"><subfield code="a">.b11538223</subfield></datafield><datafield ind1=" " ind2=" " tag="998"><subfield code="a">ik</subfield><subfield code="a">o</subfield></datafield><datafield ind1=" " ind2=" " tag="999"><subfield code="a">hg</subfield><subfield code="b">rg</subfield></datafield><datafield ind1=" " ind2=" " tag="999"><subfield code="a">resi</subfield></datafield></record>