</MetadataObject><PersonObject OrderIndex="49" PartyRelation="CREATOR"><PartyName>Bożena. Kałuża</PartyName><Identifiers><Identifier>1000015812297</Identifier><Scope>TEL</Scope></Identifiers><FirstNames>Bożena.</FirstNames><Surname>Kałuża</Surname></PersonObject><EditionObject OrderIndex="53"><Statement>Wyd. 3.</Statement></EditionObject><LinkObject FieldSource="TEL" LinkTarget="CATALOGUE_RECORD" OrderIndex="64"><Url>http://alpha.bn.org.pl/record=b1153822*pol</Url><LinkStatus>NOT_CHECKED</LinkStatus></LinkObject></MetadataRecord>
<MetadataRecord xmlns="http://theeuropeanlibrary.org/internal_object_model" ID="2000048757386"><BibliographicLevelObject OrderIndex="40">MONOGRAPH</BibliographicLevelObject><CatalogingFormObject OrderIndex="39">ISBD</CatalogingFormObject><TitleObject OrderIndex="44" TitleType="MAIN"><Title>Materiałoznawstwo odzieżowe</Title><SubTitle>[zeszyt przedmiotowy ]</SubTitle></TitleObject><IdentifierObject IdentifierType="LOCAL_IDENTIFIER" OrderIndex="30"><Identifier>b11537863</Identifier></IdentifierObject><IdentifierObject IdentifierType="OAIPMH" OrderIndex="32"><Identifier>urn:theeuropeanlibrary.org:a0232:b11537863</Identifier></IdentifierObject><IdentifierObject IdentifierType="LOCAL_IDENTIFIER" OrderIndex="42"><Identifier>b11537863</Identifier><Scope>a0232</Scope></IdentifierObject><IdentifierObject ContextLevel="RECORD" FieldSource="TEL" OrderIndex="59" PartyIdentifierType="TEL"><Identifier>1000021139568</Identifier><Scope>TEL</Scope></IdentifierObject><IdentifierObject ContextLevel="RECORD" FieldSource="TEL" OrderIndex="60" SpatialIdentifierType="TEL"><Identifier>1000006243907</Identifier><Scope>TEL</Scope></IdentifierObject><IllustrationsObject OrderIndex="37">ILLUSTRATIONS</IllustrationsObject><IllustrationsObject OrderIndex="38">NO_ILLUSTRATIONS</IllustrationsObject><SpatialEntityObject OrderIndex="50" SpatialRelation="PUBLICATION"><Identifiers><Identifier>PL</Identifier><Scope>ISO3166</Scope></Identifiers></SpatialEntityObject><NamedPlaceObject OrderIndex="48" SpatialRelation="PUBLICATION"><Identifiers><Identifier>1000006243907</Identifier><Scope>TEL</Scope></Identifiers><PlaceName>Wrocław</PlaceName></NamedPlaceObject><PrintTypeObject OrderIndex="36">PRINTED</PrintTypeObject><ProvenanceObject OrderIndex="33"><CollectionId>a0232</CollectionId><ProviderId>P01214</ProviderId></ProvenanceObject><StatusObject OrderIndex="29">UPDATED</StatusObject><TextObject OrderIndex="43" TextRelation="STATEMENT_OF_RESPONSIBILITY"><Content>Jerzy Wereszko. 1.</Content></TextObject><TextObject OrderIndex="54" TextRelation="FORMAT_UNCONTROLED"><Content>rys. ;</Content></TextObject><TextObject OrderIndex="55" TextRelation="EXTENT"><Content>153, [1] s. :</Content></TextObject><TextObject OrderIndex="56" TextRelation="EXTENT"><Content>24 cm.</Content></TextObject><TextObject OrderIndex="57" TextRelation="DESCRIPTION"><Content>Bibliogr. s. 153.</Content></TextObject><OrganizationObject OrderIndex="49" PartyRelation="PUBLISHER"><PartyName>Grupa 3 C Agencja Doradztwa Rynkowego</PartyName></OrganizationObject><LanguageObject LanguageRelation="LANGUAGE_OF_CONTENT" OrderIndex="47">POL</LanguageObject><ResourceTypeObject OrderIndex="35">TEXT</ResourceTypeObject><TopicObject OrderIndex="51"><GeneralSubdivision>materiały</GeneralSubdivision><TopicName>Odzież</TopicName></TopicObject><TopicObject OrderIndex="52"><GeneralSubdivision>towaroznawstwo</GeneralSubdivision><TopicName>Tkaniny</TopicName></TopicObject><TopicObject OrderIndex="53"><TopicName>Ćwiczenia i zadania dla szkół zawodowych</TopicName></TopicObject><AudienceObject OrderIndex="41">UNKNOW</AudienceObject><InstantObject OrderIndex="31" TemporalRelation="OP_LOADED"><Time>1358943240000</Time><Granularity>SECOND</Granularity><Uncertain>false</Uncertain></InstantObject><InstantObject OrderIndex="46" TemporalRelation="PUBLICATION"><Time>725846400000</Time><Granularity>YEAR</Granularity><Uncertain>false</Uncertain></InstantObject><MetadataObject FieldSource="PROVIDER" Format="marc21" OrderIndex="34"><record xmlns="info:lc/xmlns/marcxchange-v1"><leader>00898nam a2200253 i 4500</leader><controlfield tag="001">b11537863</controlfield><controlfield tag="008">981002s1993    pl a         |000 0 pol  </controlfield><datafield ind1=" " ind2=" " tag="040"><subfield code="a">WA N</subfield><subfield code="c">WA N</subfield></datafield><datafield ind1="1" ind2=" " tag="100"><subfield code="a">Wereszko, Jerzy.</subfield></datafield><datafield ind1="1" ind2="0" tag="245"><subfield code="a">Materiałoznawstwo odzieżowe :</subfield><subfield code="b">[zeszyt przedmiotowy ] /</subfield><subfield code="c">Jerzy Wereszko. 1.</subfield></datafield><datafield ind1=" " ind2=" " tag="260"><subfield code="a">Wrocław :</subfield><subfield code="b">Grupa 3 C Agencja Doradztwa Rynkowego,</subfield><subfield code="c">1993</subfield><subfield code="e">([s. l. :</subfield><subfield code="f">s. n.]).</subfield></datafield><datafield ind1=" " ind2=" " tag="300"><subfield code="a">153, [1] s. :</subfield><subfield code="b">rys. ;</subfield><subfield code="c">24 cm.</subfield></datafield><datafield ind1=" " ind2=" " tag="504"><subfield code="a">Bibliogr. s. 153.</subfield></datafield><datafield ind1=" " ind2="4" tag="650"><subfield code="a">Odzież</subfield><subfield code="x">materiały</subfield></datafield><datafield ind1=" " ind2="4" tag="650"><subfield code="a">Tkaniny</subfield><subfield code="x">towaroznawstwo</subfield></datafield><datafield ind1=" " ind2="4" tag="655"><subfield code="a">Ćwiczenia i zadania dla szkół zawodowych</subfield></datafield><datafield ind1=" " ind2=" " tag="902"><subfield code="a">121211</subfield><subfield code="c">981005</subfield><subfield code="d">m</subfield><subfield code="e">a</subfield><subfield code="f">-</subfield><subfield code="g">0</subfield></datafield><datafield ind1=" " ind2=" " tag="907"><subfield code="b">bk   </subfield><subfield code="c">-</subfield></datafield><datafield ind1=" " ind2=" " tag="960"><subfield code="a">II 1.702.241</subfield><subfield code="c">bk   </subfield><subfield code="d">30001002675660</subfield><subfield code="h">1993 e 8968/22</subfield><subfield code="i">Z 0,08</subfield><subfield code="k">1</subfield><subfield code="l">-</subfield><subfield code="o">1</subfield></datafield><datafield ind1=" " ind2=" " tag="960"><subfield code="a">II 1.840.670 A</subfield><subfield code="c">bk   </subfield><subfield code="d">30001009349276</subfield><subfield code="h">1993 e 8968/21</subfield><subfield code="i">Z 0,08</subfield><subfield code="k">1</subfield><subfield code="l">-</subfield><subfield code="o">0</subfield></datafield><datafield ind1=" " ind2=" " tag="996"><subfield code="a">.b11537863</subfield></datafield><datafield ind1=" " ind2=" " tag="998"><subfield code="a">ik</subfield><subfield code="a">o</subfield></datafield><datafield ind1=" " ind2=" " tag="999"><subfield code="a">hg</subfield><subfield code="b">rg</subfield></datafield><datafield ind1=" " ind2=" " tag="999"><subfield code="a">resi</subfield></datafield></record>