</MetadataObject><PersonObject OrderIndex="45" PartyRelation="CREATOR"><PartyName>Jerzy. Wereszko</PartyName><Identifiers><Identifier>1000021139568</Identifier><Scope>TEL</Scope></Identifiers><FirstNames>Jerzy.</FirstNames><Surname>Wereszko</Surname></PersonObject><LinkObject FieldSource="TEL" LinkTarget="CATALOGUE_RECORD" OrderIndex="58"><Url>http://alpha.bn.org.pl/record=b1153786*pol</Url><LinkStatus>NOT_CHECKED</LinkStatus></LinkObject></MetadataRecord>
<MetadataRecord xmlns="http://theeuropeanlibrary.org/internal_object_model" ID="2000048757404"><BibliographicLevelObject OrderIndex="43">MONOGRAPH</BibliographicLevelObject><CatalogingFormObject OrderIndex="42">ISBD</CatalogingFormObject><TitleObject OrderIndex="48" TitleType="MAIN"><Title>Pan Tadeusz czyli Ostatni zajazd na Litwie</Title><SubTitle>historia szlachecka z roku 1811 i 1812 we dwunastu księgach wierszem</SubTitle></TitleObject><TitleObject OrderIndex="49" TitleType="UNIFORM"><Title>Pan Tadeusz</Title></TitleObject><IdentifierObject IdentifierType="LOCAL_IDENTIFIER" OrderIndex="33"><Identifier>b11538041</Identifier></IdentifierObject><IdentifierObject IdentifierType="OAIPMH" OrderIndex="35"><Identifier>urn:theeuropeanlibrary.org:a0232:b11538041</Identifier></IdentifierObject><IdentifierObject IdentifierType="LOCAL_IDENTIFIER" OrderIndex="45"><Identifier>b11538041</Identifier><Scope>a0232</Scope></IdentifierObject><IdentifierObject IdentifierType="ISBN" OrderIndex="46"><Identifier>830512648X</Identifier></IdentifierObject><IdentifierObject ContextLevel="RECORD" FieldSource="TEL" OrderIndex="65" PartyIdentifierType="TEL"><Identifier>2000074954314</Identifier><Scope>TEL</Scope></IdentifierObject><IdentifierObject ContextLevel="RECORD" FieldSource="TEL" OrderIndex="66" PartyIdentifierType="TEL"><Identifier>2000077200968</Identifier><Scope>TEL</Scope></IdentifierObject><IdentifierObject ContextLevel="RECORD" FieldSource="TEL" OrderIndex="67" PartyIdentifierType="TEL"><Identifier>1000022249713</Identifier><Scope>TEL</Scope></IdentifierObject><IdentifierObject ContextLevel="RECORD" FieldSource="TEL" OrderIndex="68" PartyIdentifierType="TEL"><Identifier>1000020809743</Identifier><Scope>TEL</Scope></IdentifierObject><IdentifierObject ContextLevel="RECORD" FieldSource="TEL" OrderIndex="69" SpatialIdentifierType="TEL"><Identifier>1000001587202</Identifier><Scope>TEL</Scope></IdentifierObject><IdentifierObject ContextLevel="CONTENT" FieldSource="TEL" KnowledgeOrganizationSystem="CERIF" OrderIndex="70"><Identifier>H004</Identifier></IdentifierObject><IllustrationsObject OrderIndex="40">ILLUSTRATIONS</IllustrationsObject><IllustrationsObject OrderIndex="41">NO_ILLUSTRATIONS</IllustrationsObject><SpatialEntityObject OrderIndex="56" SpatialRelation="PUBLICATION"><Identifiers><Identifier>PL</Identifier><Scope>ISO3166</Scope></Identifiers></SpatialEntityObject><NamedPlaceObject OrderIndex="54" SpatialRelation="PUBLICATION"><Identifiers><Identifier>1000001587202</Identifier><Scope>TEL</Scope></Identifiers><PlaceName>Warszawa</PlaceName></NamedPlaceObject><PrintTypeObject OrderIndex="39">PRINTED</PrintTypeObject><ProvenanceObject OrderIndex="36"><CollectionId>a0232</CollectionId><ProviderId>P01214</ProviderId></ProvenanceObject><StatusObject OrderIndex="32">UPDATED</StatusObject><TextObject OrderIndex="47" TextRelation="STATEMENT_OF_RESPONSIBILITY"><Content>Adam Mickiewicz ; [z il. M. E. Andriollego].</Content></TextObject><TextObject OrderIndex="59" TextRelation="FORMAT_UNCONTROLED"><Content>il. ;</Content></TextObject><TextObject OrderIndex="60" TextRelation="EXTENT"><Content>381, [3] s. :</Content></TextObject><TextObject OrderIndex="61" TextRelation="EXTENT"><Content>25 cm.</Content></TextObject><TextObject NoteType="GENERAL" OrderIndex="62" TextRelation="NOTE"><Content>Opr. miękka.</Content></TextObject><TextObject NoteType="GENERAL" OrderIndex="63" TextRelation="NOTE"><Content>Nie dublet: II 1.725.290 i II 1.803.528 A - oprawa twarda.</Content></TextObject><OrganizationObject OrderIndex="55" PartyRelation="PUBLISHER"><PartyName>"Książka i Wiedza"</PartyName></OrganizationObject><LanguageObject LanguageRelation="LANGUAGE_OF_CONTENT" OrderIndex="53">POL</LanguageObject><ResourceTypeObject OrderIndex="38">TEXT</ResourceTypeObject><TopicObject KnowledgeOrganizationSystem="UDC" OrderIndex="57"><TopicName>884-1</TopicName></TopicObject><TopicObject OrderIndex="58"><ChronologicalSubdivision><Instant><Time>-61567776000000</Time><Granularity>YEAR</Granularity><Uncertain>false</Uncertain></Instant></ChronologicalSubdivision><TopicName>Poezja polska</TopicName></TopicObject><AudienceObject OrderIndex="44">UNKNOW</AudienceObject><InstantObject OrderIndex="34" TemporalRelation="OP_LOADED"><Time>1358943240000</Time><Granularity>SECOND</Granularity><Uncertain>false</Uncertain></InstantObject><InstantObject OrderIndex="52" TemporalRelation="PUBLICATION"><Time>725846400000</Time><Granularity>YEAR</Granularity><Uncertain>false</Uncertain></InstantObject><MetadataObject FieldSource="PROVIDER" Format="marc21" OrderIndex="37"><record xmlns="info:lc/xmlns/marcxchange-v1"><leader>01133nam a2200301 i 4500</leader><controlfield tag="001">b11538041</controlfield><controlfield tag="008">981002s1993    pl a         |000 p pol  </controlfield><datafield ind1=" " ind2=" " tag="020"><subfield code="a">830512648X</subfield></datafield><datafield ind1=" " ind2=" " tag="040"><subfield code="a">WA N</subfield><subfield code="c">WA N</subfield></datafield><datafield ind1=" " ind2=" " tag="080"><subfield code="a">884-1</subfield></datafield><datafield ind1="1" ind2=" " tag="100"><subfield code="a">Mickiewicz, Adam</subfield><subfield code="d">(1798-1855).</subfield></datafield><datafield ind1="1" ind2="0" tag="240"><subfield code="a">Pan Tadeusz</subfield><subfield code="l">(pol.)</subfield></datafield><datafield ind1="1" ind2="0" tag="245"><subfield code="a">Pan Tadeusz czyli Ostatni zajazd na Litwie :</subfield><subfield code="b">historia szlachecka z roku 1811 i 1812 we dwunastu księgach wierszem /</subfield><subfield code="c">Adam Mickiewicz ; [z il. M. E. Andriollego].</subfield></datafield><datafield ind1=" " ind2=" " tag="260"><subfield code="a">Warszawa :</subfield><subfield code="b">"Książka i Wiedza",</subfield><subfield code="c">1993</subfield><subfield code="e">(Poznań :</subfield><subfield code="f">Zakł. Graf.).</subfield></datafield><datafield ind1=" " ind2=" " tag="300"><subfield code="a">381, [3] s. :</subfield><subfield code="b">il. ;</subfield><subfield code="c">25 cm.</subfield></datafield><datafield ind1=" " ind2=" " tag="500"><subfield code="a">Opr. miękka.</subfield></datafield><datafield ind1=" " ind2=" " tag="500"><subfield code="a">Nie dublet: II 1.725.290 i II 1.803.528 A - oprawa twarda.</subfield></datafield><datafield ind1=" " ind2="4" tag="655"><subfield code="a">Poezja polska</subfield><subfield code="y">19 w.</subfield></datafield><datafield ind1="1" ind2=" " tag="700"><subfield code="a">Andriolli, Michał Elwiro</subfield><subfield code="d">(1836-1893).</subfield><subfield code="e">Il.</subfield></datafield><datafield ind1=" " ind2=" " tag="902"><subfield code="a">121211</subfield><subfield code="c">981005</subfield><subfield code="d">m</subfield><subfield code="e">a</subfield><subfield code="f">-</subfield><subfield code="g">0</subfield></datafield><datafield ind1=" " ind2=" " tag="907"><subfield code="b">bk   </subfield><subfield code="c">-</subfield></datafield><datafield ind1=" " ind2=" " tag="920"><subfield code="a">83-05-12648-X</subfield></datafield><datafield ind1=" " ind2=" " tag="960"><subfield code="a">II 1.702.227</subfield><subfield code="c">bk   </subfield><subfield code="d">30001002675678</subfield><subfield code="h">001002675678</subfield><subfield code="i">Z 0,15</subfield><subfield code="k">1</subfield><subfield code="l">-</subfield><subfield code="o">1</subfield></datafield><datafield ind1=" " ind2=" " tag="960"><subfield code="a">II 1.840.637 A</subfield><subfield code="c">bk   </subfield><subfield code="d">30001009348941</subfield><subfield code="h">1993 e 8383/17</subfield><subfield code="i">Z 0,15</subfield><subfield code="k">1</subfield><subfield code="l">-</subfield><subfield code="o">0</subfield></datafield><datafield ind1=" " ind2=" " tag="996"><subfield code="a">.b11538041</subfield></datafield><datafield ind1=" " ind2=" " tag="998"><subfield code="a">ik</subfield><subfield code="a">o</subfield></datafield><datafield ind1=" " ind2=" " tag="999"><subfield code="a">kc</subfield><subfield code="b">rg</subfield></datafield><datafield ind1=" " ind2=" " tag="999"><subfield code="a">resi</subfield></datafield></record>