</MetadataObject><PersonObject OrderIndex="50" PartyRelation="CREATOR"><PartyName>Adam Mickiewicz</PartyName><Identifiers><Identifier>2000074954314</Identifier><Scope>TEL</Scope></Identifiers><Identifiers><Identifier>1000022249713</Identifier><Scope>TEL</Scope></Identifiers><Identifiers><Identifier>2000077200968</Identifier><Scope>TEL</Scope></Identifiers><LifePeriod><Start><Time>-5427734400000</Time><Granularity>YEAR</Granularity><Uncertain>false</Uncertain></Start><End><Time>-3629059200000</Time><Granularity>YEAR</Granularity><Uncertain>false</Uncertain></End></LifePeriod><FirstNames>Adam</FirstNames><Surname>Mickiewicz</Surname></PersonObject><PersonObject OrderIndex="51" PartyRelation="CONTRIBUTOR"><PartyName>Michał Elwiro Andriolli</PartyName><Identifiers><Identifier>1000020809743</Identifier><Scope>TEL</Scope></Identifiers><LifePeriod><Start><Time>-4228675200000</Time><Granularity>YEAR</Granularity><Uncertain>false</Uncertain></Start><End><Time>-2429827200000</Time><Granularity>YEAR</Granularity><Uncertain>false</Uncertain></End></LifePeriod><FirstNames>Michał Elwiro</FirstNames><Surname>Andriolli</Surname></PersonObject><LinkObject FieldSource="TEL" LinkTarget="CATALOGUE_RECORD" OrderIndex="64"><Url>http://alpha.bn.org.pl/record=b1153804*pol</Url><LinkStatus>NOT_CHECKED</LinkStatus></LinkObject></MetadataRecord>
<MetadataRecord xmlns="http://theeuropeanlibrary.org/internal_object_model" ID="2000048757496"><BibliographicLevelObject OrderIndex="43">MONOGRAPH</BibliographicLevelObject><CatalogingFormObject OrderIndex="42">ISBD</CatalogingFormObject><TitleObject OrderIndex="49" TitleType="MAIN"><Title>Żywot literacki Hugona Kołłątaja</Title><SubTitle>z opisaniem stanu Akademii Krakowskiej, w jakim się znajdowała przed rokiem 1780</SubTitle></TitleObject><IdentifierObject IdentifierType="LOCAL_IDENTIFIER" OrderIndex="34"><Identifier>b11538971</Identifier></IdentifierObject><IdentifierObject IdentifierType="OAIPMH" OrderIndex="36"><Identifier>urn:theeuropeanlibrary.org:a0232:b11538971</Identifier></IdentifierObject><IdentifierObject IdentifierType="LOCAL_IDENTIFIER" OrderIndex="45"><Identifier>b11538971</Identifier><Scope>a0232</Scope></IdentifierObject><IdentifierObject IdentifierType="NBN" OrderIndex="46"><Identifier>PB 3093/51</Identifier></IdentifierObject><IdentifierObject ContextLevel="RECORD" FieldSource="TEL" OrderIndex="67" PartyIdentifierType="TEL"><Identifier>1000022241068</Identifier><Scope>TEL</Scope></IdentifierObject><IdentifierObject ContextLevel="RECORD" FieldSource="TEL" OrderIndex="68" PartyIdentifierType="TEL"><Identifier>2000074876078</Identifier><Scope>TEL</Scope></IdentifierObject><IdentifierObject ContextLevel="CONTENT" FieldSource="TEL" OrderIndex="69" PartyIdentifierType="TEL"><Identifier>1000020921903</Identifier><Scope>TEL</Scope></IdentifierObject><IdentifierObject ContextLevel="RECORD" FieldSource="TEL" OrderIndex="70" SpatialIdentifierType="TEL"><Identifier>1000006243907</Identifier><Scope>TEL</Scope></IdentifierObject><IllustrationsObject OrderIndex="41">NO_ILLUSTRATIONS</IllustrationsObject><SpatialEntityObject OrderIndex="56" SpatialRelation="PUBLICATION"><Identifiers><Identifier>PL</Identifier><Scope>ISO3166</Scope></Identifiers></SpatialEntityObject><NamedPlaceObject OrderIndex="54" SpatialRelation="PUBLICATION"><Identifiers><Identifier>1000006243907</Identifier><Scope>TEL</Scope></Identifiers><PlaceName>Wrocław</PlaceName></NamedPlaceObject><PrintTypeObject OrderIndex="40">PRINTED</PrintTypeObject><ProvenanceObject OrderIndex="37"><CollectionId>a0232</CollectionId><ProviderId>P01214</ProviderId></ProvenanceObject><StatusObject OrderIndex="33">UPDATED</StatusObject><TextObject OrderIndex="48" TextRelation="STATEMENT_OF_RESPONSIBILITY"><Content>Jan Śniadecki ; wstępem i objaśn. zaopatrzył Henryk Barycz.</Content></TextObject><TextObject OrderIndex="63" TextRelation="EXTENT"><Content>LVI, 89, [3] s. ;</Content></TextObject><TextObject OrderIndex="64" TextRelation="EXTENT"><Content>17 cm.</Content></TextObject><TextObject OrderIndex="65" TextRelation="DESCRIPTION"><Content>Bibliogr. s. LI-LVI.</Content></TextObject><OrganizationObject OrderIndex="55" PartyRelation="PUBLISHER"><PartyName>Wydaw. Zakł. Narodowego im. Ossolińskich</PartyName></OrganizationObject><OrganizationObject OrderIndex="59" PartyRelation="SUBJECT"><PartyName>Komisja Edukacji Narodowej</PartyName><Identifiers><Identifier>1000020921903</Identifier><Scope>TEL</Scope></Identifiers><Subject/></OrganizationObject><OrganizationObject OrderIndex="60" PartyRelation="SUBJECT"><PartyName>Uniwersytet Jagielloński</PartyName><Subject/></OrganizationObject><LanguageObject LanguageRelation="LANGUAGE_OF_CONTENT" OrderIndex="53">POL</LanguageObject><ResourceTypeObject OrderIndex="39">TEXT</ResourceTypeObject><TopicObject OrderIndex="61"><ChronologicalSubdivision><Instant><Time>-61680960000000</Time><Granularity>MONTH</Granularity><Uncertain>false</Uncertain></Instant></ChronologicalSubdivision><GeographicSubdivision><NamedPlace><PlaceName>Polska</PlaceName></NamedPlace></GeographicSubdivision><TopicName>Szkolnictwo wyższe</TopicName></TopicObject><TopicObject OrderIndex="62"><GeneralSubdivision>historia</GeneralSubdivision><ChronologicalSubdivision><Instant><Time>-61552137600000</Time><Granularity>MONTH</Granularity><Uncertain>false</Uncertain></Instant></ChronologicalSubdivision><TopicName>Literatura polska</TopicName></TopicObject><AudienceObject OrderIndex="44">UNKNOW</AudienceObject><InstantObject OrderIndex="35" TemporalRelation="OP_LOADED"><Time>1358943240000</Time><Granularity>SECOND</Granularity><Uncertain>false</Uncertain></InstantObject><InstantObject OrderIndex="52" TemporalRelation="PUBLICATION"><Time>-599616000000</Time><Granularity>YEAR</Granularity><Uncertain>false</Uncertain></InstantObject><MetadataObject FieldSource="PROVIDER" Format="marc21" OrderIndex="38"><record xmlns="info:lc/xmlns/marcxchange-v1"><leader>01692nam a2200373 i 4500</leader><controlfield tag="001">b11538971</controlfield><controlfield tag="008">981002s1951    pl           |000 0 pol  </controlfield><datafield ind1=" " ind2=" " tag="015"><subfield code="a">PB 3093/51</subfield></datafield><datafield ind1=" " ind2=" " tag="040"><subfield code="a">WA N</subfield><subfield code="c">WA N</subfield></datafield><datafield ind1="1" ind2=" " tag="100"><subfield code="a">Śniadecki, Jan</subfield><subfield code="d">(1756-1830).</subfield></datafield><datafield ind1="1" ind2="0" tag="245"><subfield code="a">Żywot literacki Hugona Kołłątaja :</subfield><subfield code="b">z opisaniem stanu Akademii Krakowskiej, w jakim się znajdowała przed rokiem 1780 /</subfield><subfield code="c">Jan Śniadecki ; wstępem i objaśn. zaopatrzył Henryk Barycz.</subfield></datafield><datafield ind1=" " ind2=" " tag="260"><subfield code="a">Wrocław :</subfield><subfield code="b">Wydaw. Zakł. Narodowego im. Ossolińskich,</subfield><subfield code="c">1951</subfield><subfield code="e">(Kraków :</subfield><subfield code="f">KZG).</subfield></datafield><datafield ind1=" " ind2=" " tag="300"><subfield code="a">LVI, 89, [3] s. ;</subfield><subfield code="c">17 cm.</subfield></datafield><datafield ind1="1" ind2=" " tag="490"><subfield code="a">Biblioteka Narodowa. Seria 1,</subfield><subfield code="x">0208-4104 ;</subfield><subfield code="v">nr 136</subfield></datafield><datafield ind1=" " ind2=" " tag="504"><subfield code="a">Bibliogr. s. LI-LVI.</subfield></datafield><datafield ind1="1" ind2="4" tag="600"><subfield code="a">Kołłątaj, Hugo</subfield><subfield code="d">(1750-1812)</subfield></datafield><datafield ind1="1" ind2="4" tag="600"><subfield code="a">Śniadecki, Jan</subfield><subfield code="d">(1756-1830).</subfield><subfield code="t">Żywot literacki Hugona Kołłątaja</subfield></datafield><datafield ind1="2" ind2="4" tag="610"><subfield code="a">Komisja Edukacji Narodowej</subfield></datafield><datafield ind1="2" ind2="4" tag="610"><subfield code="a">Uniwersytet Jagielloński</subfield></datafield><datafield ind1=" " ind2="4" tag="650"><subfield code="a">Szkolnictwo wyższe</subfield><subfield code="z">Polska</subfield><subfield code="y">14-18 w.</subfield></datafield><datafield ind1=" " ind2="4" tag="655"><subfield code="a">Literatura polska</subfield><subfield code="x">historia</subfield><subfield code="y">18-19 w.</subfield></datafield><datafield ind1="1" ind2=" " tag="700"><subfield code="a">Barycz, Henryk</subfield><subfield code="d">(1901-1994).</subfield><subfield code="e">Przedm.</subfield></datafield><datafield ind1=" " ind2="0" tag="830"><subfield code="a">Biblioteka Narodowa.</subfield><subfield code="n">Seria 1,</subfield><subfield code="x">0208-4104 ;</subfield><subfield code="v">nr 136</subfield></datafield><datafield ind1="4" ind2="1" tag="856"><subfield code="u">http://www.polona.pl/dlibra/doccontent2?id=40536</subfield><subfield code="z">Reprodukcja cyfrowa w cBN Polona</subfield></datafield><datafield ind1=" " ind2=" " tag="902"><subfield code="a">121211</subfield><subfield code="c">981005</subfield><subfield code="d">m</subfield><subfield code="e">a</subfield><subfield code="f">b</subfield><subfield code="g">0</subfield></datafield><datafield ind1=" " ind2=" " tag="907"><subfield code="b">multi</subfield><subfield code="c">b</subfield></datafield><datafield ind1=" " ind2=" " tag="960"><subfield code="c">zdj  </subfield><subfield code="i">Z 0,00</subfield><subfield code="l">-</subfield><subfield code="o">24</subfield><subfield code="x">cbn-md</subfield></datafield><datafield ind1=" " ind2=" " tag="960"><subfield code="a">821.162.1 BN I 136</subfield><subfield code="b">I 646.332</subfield><subfield code="c">abog </subfield><subfield code="h">1951 e 3125/1</subfield><subfield code="i">Z 0,00</subfield><subfield code="l">p</subfield><subfield code="o">1</subfield></datafield><datafield ind1=" " ind2=" " tag="960"><subfield code="a">821.162.1 BN I 136</subfield><subfield code="b">KW 31.690</subfield><subfield code="c">achum</subfield><subfield code="h">1994 k 1019/10</subfield><subfield code="i">Z 0,00</subfield><subfield code="l">p</subfield><subfield code="o">1</subfield></datafield><datafield ind1=" " ind2=" " tag="960"><subfield code="a">I 603.994 A</subfield><subfield code="c">bk   </subfield><subfield code="d">30001015848763</subfield><subfield code="h">1951 e 3118</subfield><subfield code="i">Z 0,00</subfield><subfield code="l">-</subfield><subfield code="o">0</subfield></datafield><datafield ind1=" " ind2=" " tag="960"><subfield code="a">I 660.929</subfield><subfield code="c">e2   </subfield><subfield code="h">1951 e 3437/46</subfield><subfield code="i">Z 0,00</subfield><subfield code="l">p</subfield><subfield code="o">1</subfield></datafield><datafield ind1=" " ind2=" " tag="996"><subfield code="a">.b11538971</subfield></datafield><datafield ind1=" " ind2=" " tag="998"><subfield code="a">ik</subfield><subfield code="a">o</subfield></datafield><datafield ind1=" " ind2=" " tag="999"><subfield code="a">st</subfield><subfield code="b">ak</subfield><subfield code="a">rodo</subfield></datafield></record>