</MetadataObject><PersonObject OrderIndex="50" PartyRelation="CREATOR"><PartyName>Jan Śniadecki</PartyName><LifePeriod><Start><Time>-6753196800000</Time><Granularity>YEAR</Granularity><Uncertain>false</Uncertain></Start><End><Time>-4417977600000</Time><Granularity>YEAR</Granularity><Uncertain>false</Uncertain></End></LifePeriod><FirstNames>Jan</FirstNames><Surname>Śniadecki</Surname></PersonObject><PersonObject OrderIndex="51" PartyRelation="CONTRIBUTOR"><PartyName>Henryk Barycz</PartyName><Identifiers><Identifier>2000074876078</Identifier><Scope>TEL</Scope></Identifiers><Identifiers><Identifier>1000022241068</Identifier><Scope>TEL</Scope></Identifiers><LifePeriod><Start><Time>-2177452800000</Time><Granularity>YEAR</Granularity><Uncertain>false</Uncertain></Start><End><Time>757382400000</Time><Granularity>YEAR</Granularity><Uncertain>false</Uncertain></End></LifePeriod><FirstNames>Henryk</FirstNames><Surname>Barycz</Surname></PersonObject><PersonObject OrderIndex="57" PartyRelation="SUBJECT"><PartyName>Hugo Kołłątaj</PartyName><LifePeriod><Start><Time>-6942499200000</Time><Granularity>YEAR</Granularity><Uncertain>false</Uncertain></Start><End><Time>-4986057600000</Time><Granularity>YEAR</Granularity><Uncertain>false</Uncertain></End></LifePeriod><FirstNames>Hugo</FirstNames><Surname>Kołłątaj</Surname></PersonObject><PersonObject OrderIndex="58" PartyRelation="SUBJECT"><PartyName>Jan Śniadecki</PartyName><LifePeriod><Start><Time>-6753196800000</Time><Granularity>YEAR</Granularity><Uncertain>false</Uncertain></Start><End><Time>-4417977600000</Time><Granularity>YEAR</Granularity><Uncertain>false</Uncertain></End></LifePeriod><FirstNames>Jan</FirstNames><Surname>Śniadecki</Surname></PersonObject><LinkObject LinkTarget="DIGITAL_OBJECT" OrderIndex="47"><Url>http://www.polona.pl/dlibra/doccontent2?id=40536</Url><LinkStatus>NOT_CHECKED</LinkStatus></LinkObject><LinkObject FieldSource="TEL" LinkTarget="CATALOGUE_RECORD" OrderIndex="66"><Url>http://alpha.bn.org.pl/record=b1153897*pol</Url><LinkStatus>NOT_CHECKED</LinkStatus></LinkObject></MetadataRecord>
<MetadataRecord xmlns="http://theeuropeanlibrary.org/internal_object_model" ID="2000048757449"><BibliographicLevelObject OrderIndex="38">MONOGRAPH</BibliographicLevelObject><CatalogingFormObject OrderIndex="37">ISBD</CatalogingFormObject><TitleObject OrderIndex="41" TitleType="MAIN"><Title>Oddziaływanie polityczno-ideologiczne NRF na młodzież polską</Title></TitleObject><IdentifierObject IdentifierType="LOCAL_IDENTIFIER" OrderIndex="29"><Identifier>b11538491</Identifier></IdentifierObject><IdentifierObject IdentifierType="OAIPMH" OrderIndex="31"><Identifier>urn:theeuropeanlibrary.org:a0232:b11538491</Identifier></IdentifierObject><IdentifierObject IdentifierType="LOCAL_IDENTIFIER" OrderIndex="40"><Identifier>b11538491</Identifier><Scope>a0232</Scope></IdentifierObject><IdentifierObject ContextLevel="RECORD" FieldSource="TEL" OrderIndex="57" PartyIdentifierType="TEL"><Identifier>1000022609800</Identifier><Scope>TEL</Scope></IdentifierObject><IdentifierObject ContextLevel="RECORD" FieldSource="TEL" OrderIndex="58" PartyIdentifierType="TEL"><Identifier>1000022601426</Identifier><Scope>TEL</Scope></IdentifierObject><IdentifierObject ContextLevel="RECORD" FieldSource="TEL" OrderIndex="59" SpatialIdentifierType="TEL"><Identifier>1000001587202</Identifier><Scope>TEL</Scope></IdentifierObject><IllustrationsObject OrderIndex="36">NO_ILLUSTRATIONS</IllustrationsObject><SpatialEntityObject OrderIndex="47" SpatialRelation="PUBLICATION"><Identifiers><Identifier>PL</Identifier><Scope>ISO3166</Scope></Identifiers></SpatialEntityObject><NamedPlaceObject OrderIndex="45" SpatialRelation="PUBLICATION"><Identifiers><Identifier>1000001587202</Identifier><Scope>TEL</Scope></Identifiers><PlaceName>Warszawa</PlaceName></NamedPlaceObject><NamedPlaceObject OrderIndex="50" SpatialRelation="SUBJECT"><PlaceName>Niemcy (Republika Federalna)</PlaceName><Subject><GeneralSubdivision>polityka</GeneralSubdivision><GeographicSubdivision><NamedPlace><PlaceName>Polska</PlaceName></NamedPlace></GeographicSubdivision></Subject></NamedPlaceObject><PrintTypeObject OrderIndex="35">PRINTED</PrintTypeObject><ProvenanceObject OrderIndex="32"><CollectionId>a0232</CollectionId><ProviderId>P01214</ProviderId></ProvenanceObject><StatusObject OrderIndex="28">UPDATED</StatusObject><TextObject OrderIndex="51" TextRelation="EXTENT"><Content>78 s. ;</Content></TextObject><TextObject OrderIndex="52" TextRelation="EXTENT"><Content>29 cm.</Content></TextObject><TextObject NoteType="GENERAL" OrderIndex="53" TextRelation="NOTE"><Content>Opis wg okł.</Content></TextObject><TextObject NoteType="GENERAL" OrderIndex="54" TextRelation="NOTE"><Content>Tylko do użytku wew., poufne.</Content></TextObject><TextObject NoteType="GENERAL" OrderIndex="55" TextRelation="NOTE"><Content>Na s. 75 inf. o r. 1972.</Content></TextObject><OrganizationObject OrderIndex="46" PartyRelation="PUBLISHER"><PartyName>RSW Prasa</PartyName><Identifiers><Identifier>1000022601426</Identifier><Scope>TEL</Scope></Identifiers><Identifiers><Identifier>1000022609800</Identifier><Scope>TEL</Scope></Identifiers></OrganizationObject><LanguageObject LanguageRelation="LANGUAGE_OF_CONTENT" OrderIndex="44">POL</LanguageObject><ResourceTypeObject OrderIndex="34">TEXT</ResourceTypeObject><TopicObject OrderIndex="48"><GeneralSubdivision>a młodzież</GeneralSubdivision><TopicName>Dywersja ideologiczna</TopicName></TopicObject><TopicObject OrderIndex="49"><ChronologicalSubdivision><Instant><Time>-773287200000</Time><Granularity>MONTH</Granularity><Uncertain>false</Uncertain></Instant></ChronologicalSubdivision><GeographicSubdivision><NamedPlace><PlaceName>Polska</PlaceName></NamedPlace></GeographicSubdivision><TopicName>Młodzież</TopicName></TopicObject><AudienceObject OrderIndex="39">UNKNOW</AudienceObject><InstantObject OrderIndex="30" TemporalRelation="OP_LOADED"><Time>1358943240000</Time><Granularity>SECOND</Granularity><Uncertain>false</Uncertain></InstantObject><InstantObject OrderIndex="43" TemporalRelation="PUBLICATION"><Time>63072000000</Time><Granularity>YEAR</Granularity><Uncertain>false</Uncertain></InstantObject><MetadataObject FieldSource="PROVIDER" Format="marc21" OrderIndex="33"><record xmlns="info:lc/xmlns/marcxchange-v1"><leader>00951nam a2200265 i 4500</leader><controlfield tag="001">b11538491</controlfield><controlfield tag="008">981002s1972    pl           |000 0 pol  </controlfield><datafield ind1=" " ind2=" " tag="040"><subfield code="a">WA N</subfield><subfield code="c">WA N</subfield></datafield><datafield ind1="1" ind2=" " tag="100"><subfield code="a">Rygalski, Zbigniew.</subfield></datafield><datafield ind1="1" ind2="0" tag="245"><subfield code="a">Oddziaływanie polityczno-ideologiczne NRF [Niemieckiej Republiki Federalnej] na młodzież polską /</subfield><subfield code="c">Ośrodek Badania Stosunkow Wschód-Zachód.</subfield></datafield><datafield ind1=" " ind2=" " tag="260"><subfield code="a">Warszawa :</subfield><subfield code="b">RSW Prasa,</subfield><subfield code="c">[1972?]</subfield><subfield code="e">([s. l. :</subfield><subfield code="f">s. n.]).</subfield></datafield><datafield ind1=" " ind2=" " tag="300"><subfield code="a">78 s. ;</subfield><subfield code="c">29 cm.</subfield></datafield><datafield ind1=" " ind2=" " tag="500"><subfield code="a">Opis wg okł.</subfield></datafield><datafield ind1=" " ind2=" " tag="500"><subfield code="a">Tylko do użytku wew., poufne.</subfield></datafield><datafield ind1=" " ind2=" " tag="500"><subfield code="a">Na s. 75 inf. o r. 1972.</subfield></datafield><datafield ind1=" " ind2="4" tag="650"><subfield code="a">Dywersja ideologiczna</subfield><subfield code="x">a młodzież</subfield></datafield><datafield ind1=" " ind2="4" tag="650"><subfield code="a">Młodzież</subfield><subfield code="z">Polska</subfield><subfield code="y">1944-1989 r.</subfield></datafield><datafield ind1=" " ind2="4" tag="651"><subfield code="a">Niemcy (Republika Federalna)</subfield><subfield code="x">polityka</subfield><subfield code="z">Polska</subfield></datafield><datafield ind1=" " ind2=" " tag="902"><subfield code="a">121211</subfield><subfield code="c">981005</subfield><subfield code="d">m</subfield><subfield code="e">a</subfield><subfield code="f">-</subfield><subfield code="g">0</subfield></datafield><datafield ind1=" " ind2=" " tag="907"><subfield code="b">bk   </subfield><subfield code="c">-</subfield></datafield><datafield ind1=" " ind2=" " tag="960"><subfield code="a">III 1.395.078 A</subfield><subfield code="c">bk   </subfield><subfield code="h">1991 d 735/9</subfield><subfield code="i">Z 0,08</subfield><subfield code="k">1</subfield><subfield code="l">-</subfield><subfield code="o">0</subfield></datafield><datafield ind1=" " ind2=" " tag="996"><subfield code="a">.b11538491</subfield></datafield><datafield ind1=" " ind2=" " tag="998"><subfield code="a">ik</subfield><subfield code="a">o</subfield></datafield><datafield ind1=" " ind2=" " tag="999"><subfield code="a">hg</subfield><subfield code="b">rg</subfield><subfield code="b">ae</subfield></datafield><datafield ind1=" " ind2=" " tag="999"><subfield code="a">este</subfield><subfield code="a">anno</subfield></datafield></record>