</MetadataObject><PersonObject OrderIndex="42" PartyRelation="CREATOR"><PartyName>Zbigniew. Rygalski</PartyName><FirstNames>Zbigniew.</FirstNames><Surname>Rygalski</Surname></PersonObject><LinkObject FieldSource="TEL" LinkTarget="CATALOGUE_RECORD" OrderIndex="56"><Url>http://alpha.bn.org.pl/record=b1153849*pol</Url><LinkStatus>NOT_CHECKED</LinkStatus></LinkObject></MetadataRecord>
<MetadataRecord xmlns="http://theeuropeanlibrary.org/internal_object_model" ID="2000048757467"><BibliographicLevelObject OrderIndex="37">MONOGRAPH</BibliographicLevelObject><CatalogingFormObject OrderIndex="36">ISBD</CatalogingFormObject><TitleObject OrderIndex="41" TitleType="MAIN"><Title>Korespondencja Erazma z Rotterdamu z Polakami</Title></TitleObject><IdentifierObject IdentifierType="LOCAL_IDENTIFIER" OrderIndex="28"><Identifier>b11538685</Identifier></IdentifierObject><IdentifierObject IdentifierType="OAIPMH" OrderIndex="30"><Identifier>urn:theeuropeanlibrary.org:a0232:b11538685</Identifier></IdentifierObject><IdentifierObject IdentifierType="LOCAL_IDENTIFIER" OrderIndex="39"><Identifier>b11538685</Identifier><Scope>a0232</Scope></IdentifierObject><IdentifierObject IdentifierType="NBN" OrderIndex="40"><Identifier>PB 3246/65</Identifier></IdentifierObject><IdentifierObject ContextLevel="RECORD" FieldSource="TEL" OrderIndex="55" PartyIdentifierType="TEL"><Identifier>1000016898395</Identifier><Scope>TEL</Scope></IdentifierObject><IdentifierObject ContextLevel="RECORD" FieldSource="TEL" OrderIndex="56" PartyIdentifierType="TEL"><Identifier>2000076558909</Identifier><Scope>TEL</Scope></IdentifierObject><IdentifierObject ContextLevel="CONTENT" FieldSource="TEL" OrderIndex="57" PartyIdentifierType="TEL"><Identifier>3000004346409</Identifier><Scope>TEL</Scope></IdentifierObject><IdentifierObject ContextLevel="RECORD" FieldSource="TEL" OrderIndex="58" SpatialIdentifierType="TEL"><Identifier>1000001587202</Identifier><Scope>TEL</Scope></IdentifierObject><IllustrationsObject OrderIndex="35">NO_ILLUSTRATIONS</IllustrationsObject><SpatialEntityObject OrderIndex="48" SpatialRelation="PUBLICATION"><Identifiers><Identifier>PL</Identifier><Scope>ISO3166</Scope></Identifiers></SpatialEntityObject><NamedPlaceObject OrderIndex="46" SpatialRelation="PUBLICATION"><Identifiers><Identifier>1000001587202</Identifier><Scope>TEL</Scope></Identifiers><PlaceName>Warszawa</PlaceName></NamedPlaceObject><PrintTypeObject OrderIndex="34">PRINTED</PrintTypeObject><ProvenanceObject OrderIndex="31"><CollectionId>a0232</CollectionId><ProviderId>P01214</ProviderId></ProvenanceObject><StatusObject OrderIndex="27">UPDATED</StatusObject><TextObject OrderIndex="52" TextRelation="EXTENT"><Content>338, [2] s. ;</Content></TextObject><TextObject OrderIndex="53" TextRelation="EXTENT"><Content>19 cm.</Content></TextObject><OrganizationObject OrderIndex="43" PartyRelation="CONTRIBUTOR"><PartyName>Państwowy Instytut Wydawniczy.</PartyName><Subdivision/></OrganizationObject><OrganizationObject OrderIndex="47" PartyRelation="PUBLISHER"><PartyName>Państ. Instytut Wydawniczy</PartyName></OrganizationObject><LanguageObject LanguageRelation="LANGUAGE_OF_CONTENT" OrderIndex="45">POL</LanguageObject><ResourceTypeObject OrderIndex="33">TEXT</ResourceTypeObject><TopicObject OrderIndex="50"><ChronologicalSubdivision><Instant><Time>-61662470400000</Time><Granularity>YEAR</Granularity><Uncertain>false</Uncertain></Instant></ChronologicalSubdivision><TopicName>Listy holendersko-łacińskie</TopicName></TopicObject><TopicObject OrderIndex="51"><ChronologicalSubdivision><Instant><Time>-61662470400000</Time><Granularity>YEAR</Granularity><Uncertain>false</Uncertain></Instant></ChronologicalSubdivision><TopicName>Listy polsko-łacińskie</TopicName></TopicObject><AudienceObject OrderIndex="38">UNKNOW</AudienceObject><InstantObject OrderIndex="29" TemporalRelation="OP_LOADED"><Time>1358943240000</Time><Granularity>SECOND</Granularity><Uncertain>false</Uncertain></InstantObject><InstantObject OrderIndex="44" TemporalRelation="PUBLICATION"><Time>-157766400000</Time><Granularity>YEAR</Granularity><Uncertain>false</Uncertain></InstantObject><MetadataObject FieldSource="PROVIDER" Format="marc21" OrderIndex="32"><record xmlns="info:lc/xmlns/marcxchange-v1"><leader>00962nam a2200265 i 4500</leader><controlfield tag="001">b11538685</controlfield><controlfield tag="008">981002s1965    pl           |000 0 pol  </controlfield><datafield ind1=" " ind2=" " tag="015"><subfield code="a">PB 3246/65</subfield></datafield><datafield ind1=" " ind2=" " tag="040"><subfield code="a">WA N</subfield><subfield code="c">WA N</subfield></datafield><datafield ind1="1" ind2=" " tag="041"><subfield code="a">pol</subfield><subfield code="h">lat</subfield></datafield><datafield ind1="0" ind2="0" tag="245"><subfield code="a">Korespondencja Erazma z Rotterdamu z Polakami /</subfield><subfield code="c">przeł. [z łac.] i oprac. Maria Cytowska.</subfield></datafield><datafield ind1=" " ind2=" " tag="260"><subfield code="a">[Warszawa] :</subfield><subfield code="b">Państ. Instytut Wydawniczy,</subfield><subfield code="c">[1965].</subfield></datafield><datafield ind1=" " ind2=" " tag="300"><subfield code="a">338, [2] s. ;</subfield><subfield code="c">19 cm.</subfield></datafield><datafield ind1="0" ind2="4" tag="600"><subfield code="a">Erasmus Desiderius Rotterodamus</subfield><subfield code="d">(1467-1536)</subfield></datafield><datafield ind1=" " ind2="4" tag="655"><subfield code="a">Listy holendersko-łacińskie</subfield><subfield code="y">16 w.</subfield></datafield><datafield ind1=" " ind2="4" tag="655"><subfield code="a">Listy polsko-łacińskie</subfield><subfield code="y">16 w.</subfield></datafield><datafield ind1="1" ind2=" " tag="700"><subfield code="a">Cytowska, Maria</subfield><subfield code="d">(1922-2007).</subfield><subfield code="e">Tł.</subfield></datafield><datafield ind1="2" ind2=" " tag="710"><subfield code="a">Państwowy Instytut Wydawniczy.</subfield><subfield code="e">Wyd.</subfield></datafield><datafield ind1=" " ind2=" " tag="902"><subfield code="a">121211</subfield><subfield code="c">981005</subfield><subfield code="d">m</subfield><subfield code="e">a</subfield><subfield code="f">b</subfield><subfield code="g">0</subfield></datafield><datafield ind1=" " ind2=" " tag="907"><subfield code="b">bk   </subfield><subfield code="c">b</subfield></datafield><datafield ind1=" " ind2=" " tag="960"><subfield code="a">I 1.763.337</subfield><subfield code="c">bk   </subfield><subfield code="d">30001001900259</subfield><subfield code="h">1994 d 25/11</subfield><subfield code="i">Z 0,00</subfield><subfield code="l">-</subfield><subfield code="o">1</subfield><subfield code="y">Ded.: Cytowska Maria Ekslibris: Kawecka-Gryczowa Alodia</subfield></datafield><datafield ind1=" " ind2=" " tag="996"><subfield code="a">.b11538685</subfield></datafield><datafield ind1=" " ind2=" " tag="998"><subfield code="a">ik</subfield><subfield code="a">o</subfield></datafield><datafield ind1=" " ind2=" " tag="999"><subfield code="a">ak</subfield><subfield code="b">ea</subfield></datafield><datafield ind1=" " ind2=" " tag="999"><subfield code="a">RZbbzl2</subfield></datafield></record>