</MetadataObject><PersonObject OrderIndex="42" PartyRelation="CONTRIBUTOR"><PartyName>Maria Cytowska</PartyName><Identifiers><Identifier>2000076558909</Identifier><Scope>TEL</Scope></Identifiers><Identifiers><Identifier>1000016898395</Identifier><Scope>TEL</Scope></Identifiers><LifePeriod><Start><Time>-1514764800000</Time><Granularity>YEAR</Granularity><Uncertain>false</Uncertain></Start><End><Time>1167609600000</Time><Granularity>YEAR</Granularity><Uncertain>false</Uncertain></End></LifePeriod><FirstNames>Maria</FirstNames><Surname>Cytowska</Surname></PersonObject><PersonObject OrderIndex="49" PartyRelation="SUBJECT"><PartyName>Erasmus Desiderius Rotterodamus</PartyName><Identifiers><Identifier>3000004346409</Identifier><Scope>TEL</Scope></Identifiers><LifePeriod><Start><Time>-15872371200000</Time><Granularity>YEAR</Granularity><Uncertain>false</Uncertain></Start><End><Time>-13694918400000</Time><Granularity>YEAR</Granularity><Uncertain>false</Uncertain></End></LifePeriod><FirstNames>Erasmus Desiderius</FirstNames><Surname>Rotterodamus</Surname></PersonObject><LinkObject FieldSource="TEL" LinkTarget="CATALOGUE_RECORD" OrderIndex="54"><Url>http://alpha.bn.org.pl/record=b1153868*pol</Url><LinkStatus>NOT_CHECKED</LinkStatus></LinkObject></MetadataRecord>
<MetadataRecord xmlns="http://theeuropeanlibrary.org/internal_object_model" ID="2000048757538"><BibliographicLevelObject OrderIndex="40">MONOGRAPH</BibliographicLevelObject><CatalogingFormObject OrderIndex="39">ISBD</CatalogingFormObject><TitleObject OrderIndex="45" TitleType="MAIN"><Title>Kraków stary i nowy</Title><SubTitle>dzieje kultury</SubTitle></TitleObject><IdentifierObject IdentifierType="LOCAL_IDENTIFIER" OrderIndex="30"><Identifier>b11539392</Identifier></IdentifierObject><IdentifierObject IdentifierType="OAIPMH" OrderIndex="32"><Identifier>urn:theeuropeanlibrary.org:a0232:b11539392</Identifier></IdentifierObject><IdentifierObject IdentifierType="LOCAL_IDENTIFIER" OrderIndex="42"><Identifier>b11539392</Identifier><Scope>a0232</Scope></IdentifierObject><IdentifierObject IdentifierType="NBN" OrderIndex="43"><Identifier>PB 2307/68</Identifier></IdentifierObject><IdentifierObject ContextLevel="CONTENT" FieldSource="TEL" KnowledgeOrganizationSystem="CERIF" OrderIndex="59"><Identifier>H005</Identifier></IdentifierObject><IllustrationsObject OrderIndex="37">ILLUSTRATIONS</IllustrationsObject><IllustrationsObject OrderIndex="38">NO_ILLUSTRATIONS</IllustrationsObject><SpatialEntityObject OrderIndex="51" SpatialRelation="PUBLICATION"><Identifiers><Identifier>PL</Identifier><Scope>ISO3166</Scope></Identifiers></SpatialEntityObject><NamedPlaceObject OrderIndex="49" SpatialRelation="PUBLICATION"><PlaceName>Kraków</PlaceName></NamedPlaceObject><NamedPlaceObject OrderIndex="53" SpatialRelation="SUBJECT"><PlaceName>Kraków (woj. małopolskie)</PlaceName><Subject><GeneralSubdivision>kultura</GeneralSubdivision></Subject></NamedPlaceObject><PrintTypeObject OrderIndex="36">PRINTED</PrintTypeObject><ProvenanceObject OrderIndex="33"><CollectionId>a0232</CollectionId><ProviderId>P01214</ProviderId></ProvenanceObject><StatusObject OrderIndex="29">UPDATED</StatusObject><TextObject OrderIndex="44" TextRelation="STATEMENT_OF_RESPONSIBILITY"><Content>praca zbiorowa pod red. Janiny Bieniarzówny ; [Polskie Towarzystwo Historyczne. Oddz. w Krakowie].</Content></TextObject><TextObject OrderIndex="54" TextRelation="FORMAT_UNCONTROLED"><Content>il., portr., err. ;</Content></TextObject><TextObject OrderIndex="55" TextRelation="EXTENT"><Content>456, [3] s. :</Content></TextObject><TextObject OrderIndex="56" TextRelation="EXTENT"><Content>20 cm.</Content></TextObject><TextObject OrderIndex="57" TextRelation="DESCRIPTION"><Content>Indeks.</Content></TextObject><OrganizationObject OrderIndex="50" PartyRelation="PUBLISHER"><PartyName>Państ. Wydaw. Naukowe</PartyName></OrganizationObject><LanguageObject LanguageRelation="LANGUAGE_OF_CONTENT" OrderIndex="48">POL</LanguageObject><ResourceTypeObject OrderIndex="35">TEXT</ResourceTypeObject><TopicObject KnowledgeOrganizationSystem="UDC" OrderIndex="52"><TopicName>930.85(438)</TopicName></TopicObject><AudienceObject OrderIndex="41">UNKNOW</AudienceObject><InstantObject OrderIndex="31" TemporalRelation="OP_LOADED"><Time>1358943240000</Time><Granularity>SECOND</Granularity><Uncertain>false</Uncertain></InstantObject><InstantObject OrderIndex="47" TemporalRelation="PUBLICATION"><Time>-63158400000</Time><Granularity>YEAR</Granularity><Uncertain>false</Uncertain></InstantObject><MetadataObject FieldSource="PROVIDER" Format="marc21" OrderIndex="34"><record xmlns="info:lc/xmlns/marcxchange-v1"><leader>01198nam a2200289 i 4500</leader><controlfield tag="001">b11539392</controlfield><controlfield tag="008">981002s1968    pl a         |001 0 pol d</controlfield><datafield ind1=" " ind2=" " tag="015"><subfield code="a">PB 2307/68</subfield></datafield><datafield ind1=" " ind2=" " tag="040"><subfield code="a">WA N</subfield><subfield code="c">WA N</subfield></datafield><datafield ind1=" " ind2=" " tag="080"><subfield code="a">930.85(438)</subfield></datafield><datafield ind1="0" ind2="0" tag="245"><subfield code="a">Kraków stary i nowy :</subfield><subfield code="b">dzieje kultury /</subfield><subfield code="c">praca zbiorowa pod red. Janiny Bieniarzówny ; [Polskie Towarzystwo Historyczne. Oddz. w Krakowie].</subfield></datafield><datafield ind1=" " ind2=" " tag="260"><subfield code="a">[Kraków] :</subfield><subfield code="b">Państ. Wydaw. Naukowe,</subfield><subfield code="c">[1968]</subfield><subfield code="e">(Kraków :</subfield><subfield code="f">DN,</subfield><subfield code="g">1968).</subfield></datafield><datafield ind1=" " ind2=" " tag="300"><subfield code="a">456, [3] s. :</subfield><subfield code="b">il., portr., err. ;</subfield><subfield code="c">20 cm.</subfield></datafield><datafield ind1=" " ind2=" " tag="504"><subfield code="a">Indeks.</subfield></datafield><datafield ind1=" " ind2="4" tag="651"><subfield code="a">Kraków (woj. małopolskie)</subfield><subfield code="x">kultura</subfield><subfield code="x">historia</subfield></datafield><datafield ind1="1" ind2=" " tag="700"><subfield code="a">Bieniarzówna, Janina</subfield><subfield code="d">(1916-1997).</subfield><subfield code="e">Red.</subfield></datafield><datafield ind1=" " ind2=" " tag="902"><subfield code="a">121219</subfield><subfield code="c">981005</subfield><subfield code="d">m</subfield><subfield code="e">a</subfield><subfield code="f">b</subfield><subfield code="g">0</subfield></datafield><datafield ind1=" " ind2=" " tag="907"><subfield code="b">bk   </subfield><subfield code="c">b</subfield></datafield><datafield ind1=" " ind2=" " tag="920"><subfield code="a">Zł 55</subfield></datafield><datafield ind1=" " ind2=" " tag="960"><subfield code="a">I 367.408</subfield><subfield code="c">bk   </subfield><subfield code="d">30001005766714</subfield><subfield code="h">1968 e 4553/56</subfield><subfield code="i">Z 0,00</subfield><subfield code="l">-</subfield><subfield code="o">1</subfield></datafield><datafield ind1=" " ind2=" " tag="960"><subfield code="a">6.273 Wyst.</subfield><subfield code="c">bk   </subfield><subfield code="d">30001005584877</subfield><subfield code="e">6.273 Wyst.</subfield><subfield code="h">1995 d 146/84</subfield><subfield code="i">Z 120,00</subfield><subfield code="j">2008.01.24</subfield><subfield code="k">4</subfield><subfield code="l">-</subfield><subfield code="o">20</subfield><subfield code="x">odkwaszono 2012</subfield><subfield code="y">Ekslibris: Kawecka-Gryczowa Alodia</subfield></datafield><datafield ind1=" " ind2=" " tag="960"><subfield code="a">I 761.630 A</subfield><subfield code="c">bk   </subfield><subfield code="d">30001010645138</subfield><subfield code="h">1968 e 4553/55</subfield><subfield code="i">Z 0,00</subfield><subfield code="l">-</subfield><subfield code="o">0</subfield><subfield code="x">odkwaszono 2009</subfield></datafield><datafield ind1=" " ind2=" " tag="996"><subfield code="a">.b11539392</subfield></datafield><datafield ind1=" " ind2=" " tag="998"><subfield code="a">ik</subfield><subfield code="a">o</subfield></datafield><datafield ind1=" " ind2=" " tag="999"><subfield code="a">iw</subfield><subfield code="b">ak</subfield><subfield code="x">11</subfield><subfield code="y">68</subfield><subfield code="a">SYNAT</subfield><subfield code="a">RZ08jd</subfield></datafield><datafield ind1=" " ind2=" " tag="999"><subfield code="a">sawi</subfield></datafield><datafield ind1=" " ind2=" " tag="999"><subfield code="a">ae</subfield></datafield></record>