</MetadataObject><PersonObject OrderIndex="46" PartyRelation="CONTRIBUTOR"><PartyName>Janina Bieniarzówna</PartyName><LifePeriod><Start><Time>-1704153600000</Time><Granularity>YEAR</Granularity><Uncertain>false</Uncertain></Start><End><Time>852076800000</Time><Granularity>YEAR</Granularity><Uncertain>false</Uncertain></End></LifePeriod><FirstNames>Janina</FirstNames><Surname>Bieniarzówna</Surname></PersonObject><LinkObject FieldSource="TEL" LinkTarget="CATALOGUE_RECORD" OrderIndex="58"><Url>http://alpha.bn.org.pl/record=b1153939*pol</Url><LinkStatus>NOT_CHECKED</LinkStatus></LinkObject></MetadataRecord>
<MetadataRecord xmlns="http://theeuropeanlibrary.org/internal_object_model" ID="2000048757512"><BibliographicLevelObject OrderIndex="37">MONOGRAPH</BibliographicLevelObject><CatalogingFormObject OrderIndex="36">ISBD</CatalogingFormObject><TitleObject OrderIndex="41" TitleType="MAIN"><Title>Sztuka okresu baroku</Title></TitleObject><IdentifierObject IdentifierType="LOCAL_IDENTIFIER" OrderIndex="28"><Identifier>b11539136</Identifier></IdentifierObject><IdentifierObject IdentifierType="OAIPMH" OrderIndex="30"><Identifier>urn:theeuropeanlibrary.org:a0232:b11539136</Identifier></IdentifierObject><IdentifierObject IdentifierType="LOCAL_IDENTIFIER" OrderIndex="39"><Identifier>b11539136</Identifier><Scope>a0232</Scope></IdentifierObject><IdentifierObject IdentifierType="NBN" OrderIndex="40"><Identifier>PB 1474/74</Identifier></IdentifierObject><IdentifierObject ContextLevel="RECORD" FieldSource="TEL" OrderIndex="55" PartyIdentifierType="TEL"><Identifier>3000003137281</Identifier><Scope>TEL</Scope></IdentifierObject><IdentifierObject ContextLevel="RECORD" FieldSource="TEL" OrderIndex="56" PartyIdentifierType="TEL"><Identifier>1000022283050</Identifier><Scope>TEL</Scope></IdentifierObject><IdentifierObject ContextLevel="RECORD" FieldSource="TEL" OrderIndex="57" PartyIdentifierType="TEL"><Identifier>2000076765894</Identifier><Scope>TEL</Scope></IdentifierObject><IdentifierObject ContextLevel="RECORD" FieldSource="TEL" OrderIndex="58" PartyIdentifierType="TEL"><Identifier>1000016556052</Identifier><Scope>TEL</Scope></IdentifierObject><IdentifierObject ContextLevel="RECORD" FieldSource="TEL" OrderIndex="59" PartyIdentifierType="TEL"><Identifier>1000022353821</Identifier><Scope>TEL</Scope></IdentifierObject><IdentifierObject ContextLevel="RECORD" FieldSource="TEL" OrderIndex="60" SpatialIdentifierType="TEL"><Identifier>1000001587202</Identifier><Scope>TEL</Scope></IdentifierObject><IdentifierObject ContextLevel="CONTENT" FieldSource="TEL" KnowledgeOrganizationSystem="CERIF" OrderIndex="61"><Identifier>H006</Identifier></IdentifierObject><IllustrationsObject OrderIndex="35">NO_ILLUSTRATIONS</IllustrationsObject><SpatialEntityObject OrderIndex="47" SpatialRelation="PUBLICATION"><Identifiers><Identifier>PL</Identifier><Scope>ISO3166</Scope></Identifiers></SpatialEntityObject><NamedPlaceObject OrderIndex="45" SpatialRelation="PUBLICATION"><Identifiers><Identifier>1000001587202</Identifier><Scope>TEL</Scope></Identifiers><PlaceName>Warszawa</PlaceName></NamedPlaceObject><PrintTypeObject OrderIndex="34">PRINTED</PrintTypeObject><ProvenanceObject OrderIndex="31"><CollectionId>a0232</CollectionId><ProviderId>P01214</ProviderId></ProvenanceObject><StatusObject OrderIndex="27">UPDATED</StatusObject><TextObject OrderIndex="52" TextRelation="EXTENT"><Content>[2], 49 s. ;</Content></TextObject><TextObject OrderIndex="53" TextRelation="EXTENT"><Content>25 cm.</Content></TextObject><OrganizationObject OrderIndex="46" PartyRelation="PUBLISHER"><PartyName>Centralne Biuro Wystaw Artystycznych</PartyName><Identifiers><Identifier>2000076765894</Identifier><Scope>TEL</Scope></Identifiers><Identifiers><Identifier>3000003137281</Identifier><Scope>TEL</Scope></Identifiers><Identifiers><Identifier>1000022283050</Identifier><Scope>TEL</Scope></Identifiers><Identifiers><Identifier>1000022353821</Identifier><Scope>TEL</Scope></Identifiers></OrganizationObject><LanguageObject LanguageRelation="LANGUAGE_OF_CONTENT" OrderIndex="44">POL</LanguageObject><ResourceTypeObject OrderIndex="33">TEXT</ResourceTypeObject><TopicObject KnowledgeOrganizationSystem="UDC" OrderIndex="48"><TopicName>72.03/75.03(4)"15/17"</TopicName></TopicObject><TopicObject OrderIndex="49"><GeneralSubdivision>historia</GeneralSubdivision><TopicName>Sztuka baroku</TopicName></TopicObject><TopicObject OrderIndex="50"><GeneralSubdivision>historia</GeneralSubdivision><ChronologicalSubdivision><Instant><Time>-61617801600000</Time><Granularity>MONTH</Granularity><Uncertain>false</Uncertain></Instant></ChronologicalSubdivision><TopicName>Sztuka europejska</TopicName></TopicObject><TopicObject OrderIndex="51"><TopicName>Wydawnictwa popularne</TopicName></TopicObject><AudienceObject OrderIndex="38">UNKNOW</AudienceObject><InstantObject OrderIndex="29" TemporalRelation="OP_LOADED"><Time>1358943240000</Time><Granularity>SECOND</Granularity><Uncertain>false</Uncertain></InstantObject><InstantObject OrderIndex="43" TemporalRelation="PUBLICATION"><Time>94694400000</Time><Granularity>YEAR</Granularity><Uncertain>false</Uncertain></InstantObject><MetadataObject FieldSource="PROVIDER" Format="marc21" OrderIndex="32"><record xmlns="info:lc/xmlns/marcxchange-v1"><leader>00884nam a2200289 i 4500</leader><controlfield tag="001">b11539136</controlfield><controlfield tag="008">981002s1973    pl           |000 0 pol d</controlfield><datafield ind1=" " ind2=" " tag="015"><subfield code="a">PB 1474/74</subfield></datafield><datafield ind1=" " ind2=" " tag="040"><subfield code="a">WA N</subfield><subfield code="c">WA N</subfield></datafield><datafield ind1="0" ind2=" " tag="041"><subfield code="a">pol</subfield></datafield><datafield ind1=" " ind2=" " tag="080"><subfield code="a">72.03/75.03(4)"15/17"</subfield></datafield><datafield ind1="1" ind2=" " tag="100"><subfield code="a">Gogut, Anna.</subfield></datafield><datafield ind1="1" ind2="0" tag="245"><subfield code="a">Sztuka okresu baroku /</subfield><subfield code="c">Anna Gogut.</subfield></datafield><datafield ind1=" " ind2=" " tag="260"><subfield code="a">[Warszawa] :</subfield><subfield code="b">Centralne Biuro Wystaw Artystycznych,</subfield><subfield code="c">1973 :</subfield><subfield code="f">(PSSiJO).</subfield></datafield><datafield ind1=" " ind2=" " tag="300"><subfield code="a">[2], 49 s. ;</subfield><subfield code="c">25 cm.</subfield></datafield><datafield ind1=" " ind2="4" tag="650"><subfield code="a">Sztuka baroku</subfield><subfield code="x">historia</subfield></datafield><datafield ind1=" " ind2="4" tag="650"><subfield code="a">Sztuka europejska</subfield><subfield code="x">historia</subfield><subfield code="y">16-18 w.</subfield></datafield><datafield ind1=" " ind2="4" tag="655"><subfield code="a">Wydawnictwa popularne</subfield></datafield><datafield ind1=" " ind2=" " tag="902"><subfield code="a">121219</subfield><subfield code="c">981005</subfield><subfield code="d">m</subfield><subfield code="e">a</subfield><subfield code="f">b</subfield><subfield code="g">0</subfield></datafield><datafield ind1=" " ind2=" " tag="907"><subfield code="b">bk   </subfield><subfield code="c">b</subfield></datafield><datafield ind1=" " ind2=" " tag="960"><subfield code="a">II 925.464</subfield><subfield code="c">bk   </subfield><subfield code="d">30001005682366</subfield><subfield code="h">1974 e 4331/14</subfield><subfield code="i">Z 0,00</subfield><subfield code="l">-</subfield><subfield code="o">1</subfield></datafield><datafield ind1=" " ind2=" " tag="960"><subfield code="a">II 837.545 A</subfield><subfield code="c">bk   </subfield><subfield code="h">1974 e 4331/13</subfield><subfield code="i">Z 0,00</subfield><subfield code="l">-</subfield><subfield code="o">0</subfield></datafield><datafield ind1=" " ind2=" " tag="996"><subfield code="a">.b11539136</subfield></datafield><datafield ind1=" " ind2=" " tag="998"><subfield code="a">ik</subfield><subfield code="a">o</subfield></datafield><datafield ind1=" " ind2=" " tag="999"><subfield code="a">iw</subfield><subfield code="b">ak</subfield></datafield><datafield ind1=" " ind2=" " tag="999"><subfield code="a">ae</subfield></datafield><datafield ind1=" " ind2=" " tag="999"><subfield code="a">IBzk</subfield><subfield code="x">07</subfield><subfield code="y">74</subfield></datafield></record>