</MetadataObject><PersonObject OrderIndex="42" PartyRelation="CREATOR"><PartyName>Anna. Gogut</PartyName><Identifiers><Identifier>1000016556052</Identifier><Scope>TEL</Scope></Identifiers><FirstNames>Anna.</FirstNames><Surname>Gogut</Surname></PersonObject><LinkObject FieldSource="TEL" LinkTarget="CATALOGUE_RECORD" OrderIndex="54"><Url>http://alpha.bn.org.pl/record=b1153913*pol</Url><LinkStatus>NOT_CHECKED</LinkStatus></LinkObject></MetadataRecord>
<MetadataRecord xmlns="http://theeuropeanlibrary.org/internal_object_model" ID="2000048757534"><BibliographicLevelObject OrderIndex="44">MONOGRAPH</BibliographicLevelObject><CatalogingFormObject OrderIndex="43">ISBD</CatalogingFormObject><TitleObject OrderIndex="48" TitleType="MAIN"><Title>Mikołaj Kopernik</Title></TitleObject><IdentifierObject IdentifierType="LOCAL_IDENTIFIER" OrderIndex="34"><Identifier>b11539355</Identifier></IdentifierObject><IdentifierObject IdentifierType="OAIPMH" OrderIndex="36"><Identifier>urn:theeuropeanlibrary.org:a0232:b11539355</Identifier></IdentifierObject><IdentifierObject IdentifierType="LOCAL_IDENTIFIER" OrderIndex="46"><Identifier>b11539355</Identifier><Scope>a0232</Scope></IdentifierObject><IdentifierObject IdentifierType="NBN" OrderIndex="47"><Identifier>PB 4622/48</Identifier></IdentifierObject><IdentifierObject ContextLevel="RECORD" FieldSource="TEL" OrderIndex="67" PartyIdentifierType="TEL"><Identifier>1000021579785</Identifier><Scope>TEL</Scope></IdentifierObject><IdentifierObject ContextLevel="RECORD" FieldSource="TEL" OrderIndex="68" PartyIdentifierType="TEL"><Identifier>1000015707752</Identifier><Scope>TEL</Scope></IdentifierObject><IdentifierObject ContextLevel="RECORD" FieldSource="TEL" OrderIndex="69" SpatialIdentifierType="TEL"><Identifier>1000006247722</Identifier><Scope>TEL</Scope></IdentifierObject><IdentifierObject ContextLevel="CONTENT" FieldSource="TEL" KnowledgeOrganizationSystem="CERIF" OrderIndex="70"><Identifier>P007</Identifier></IdentifierObject><IdentifierObject ContextLevel="CONTENT" FieldSource="TEL" KnowledgeOrganizationSystem="CERIF" OrderIndex="71"><Identifier>H005</Identifier></IdentifierObject><IllustrationsObject OrderIndex="41">ILLUSTRATIONS</IllustrationsObject><IllustrationsObject OrderIndex="42">NO_ILLUSTRATIONS</IllustrationsObject><SpatialEntityObject OrderIndex="56" SpatialRelation="PUBLICATION"><Identifiers><Identifier>PL</Identifier><Scope>ISO3166</Scope></Identifiers></SpatialEntityObject><NamedPlaceObject OrderIndex="54" SpatialRelation="PUBLICATION"><Identifiers><Identifier>1000006247722</Identifier><Scope>TEL</Scope></Identifiers><PlaceName>Toruń</PlaceName></NamedPlaceObject><PrintTypeObject OrderIndex="40">PRINTED</PrintTypeObject><ProvenanceObject OrderIndex="37"><CollectionId>a0232</CollectionId><ProviderId>P01214</ProviderId></ProvenanceObject><StatusObject OrderIndex="33">UPDATED</StatusObject><TextObject OrderIndex="63" TextRelation="FORMAT_UNCONTROLED"><Content>il., portr. ;</Content></TextObject><TextObject OrderIndex="64" TextRelation="EXTENT"><Content>55 s., [6] k. tabl. :</Content></TextObject><TextObject OrderIndex="65" TextRelation="EXTENT"><Content>25 cm.</Content></TextObject><OrganizationObject OrderIndex="55" PartyRelation="PUBLISHER"><PartyName>nakł. Uniwersytetu Mikołaja Kopernika</PartyName></OrganizationObject><LanguageObject LanguageRelation="LANGUAGE_OF_CONTENT" OrderIndex="52">POL</LanguageObject><ResourceTypeObject OrderIndex="39">TEXT</ResourceTypeObject><TopicObject KnowledgeOrganizationSystem="UDC" OrderIndex="57"><TopicName>520/524</TopicName></TopicObject><TopicObject KnowledgeOrganizationSystem="UDC" OrderIndex="58"><TopicName>929-052(438)"14"</TopicName></TopicObject><TopicObject KnowledgeOrganizationSystem="UDC" OrderIndex="59"><TopicName>929-052(438)"15"</TopicName></TopicObject><TopicObject OrderIndex="61"><ChronologicalSubdivision><Instant><Time>-61654608000000</Time><Granularity>MONTH</Granularity><Uncertain>false</Uncertain></Instant></ChronologicalSubdivision><GeographicSubdivision><NamedPlace><PlaceName>Polska</PlaceName></NamedPlace></GeographicSubdivision><TopicName>Astronomowie</TopicName></TopicObject><TopicObject OrderIndex="62"><TopicName>Biografie</TopicName></TopicObject><AudienceObject OrderIndex="45">UNKNOW</AudienceObject><InstantObject OrderIndex="35" TemporalRelation="OP_LOADED"><Time>1358943240000</Time><Granularity>SECOND</Granularity><Uncertain>false</Uncertain></InstantObject><InstantObject OrderIndex="51" TemporalRelation="PUBLICATION"><Time>-694310400000</Time><Granularity>YEAR</Granularity><Uncertain>false</Uncertain></InstantObject><MetadataObject FieldSource="PROVIDER" Format="marc21" OrderIndex="38"><record xmlns="info:lc/xmlns/marcxchange-v1"><leader>01309nam a2200349 i 4500</leader><controlfield tag="001">b11539355</controlfield><controlfield tag="008">981002s1948    pl a         |000 0bpol  </controlfield><datafield ind1=" " ind2=" " tag="015"><subfield code="a">PB 4622/48</subfield></datafield><datafield ind1=" " ind2=" " tag="040"><subfield code="a">WA N</subfield><subfield code="c">WA N</subfield></datafield><datafield ind1=" " ind2=" " tag="080"><subfield code="a">520/524</subfield></datafield><datafield ind1=" " ind2=" " tag="080"><subfield code="a">929-052(438)"14"</subfield></datafield><datafield ind1=" " ind2=" " tag="080"><subfield code="a">929-052(438)"15"</subfield></datafield><datafield ind1="1" ind2=" " tag="100"><subfield code="a">Hartleb, Kazimierz</subfield><subfield code="d">(1886-1951).</subfield></datafield><datafield ind1="1" ind2="0" tag="245"><subfield code="a">Mikołaj Kopernik /</subfield><subfield code="c">Kazimierz Hartleb ; [okł., ukł. graf. oraz drzewor. projekt. i wykonał Bogusław Marschall].</subfield></datafield><datafield ind1=" " ind2=" " tag="250"><subfield code="a">Wyd. wznowione.</subfield></datafield><datafield ind1=" " ind2=" " tag="260"><subfield code="a">Toruń :</subfield><subfield code="b">nakł. Uniwersytetu Mikołaja Kopernika,</subfield><subfield code="c">1948</subfield><subfield code="e">(Toruń :</subfield><subfield code="f">PTZG).</subfield></datafield><datafield ind1=" " ind2=" " tag="300"><subfield code="a">55 s., [6] k. tabl. :</subfield><subfield code="b">il., portr. ;</subfield><subfield code="c">25 cm.</subfield></datafield><datafield ind1="1" ind2="4" tag="600"><subfield code="a">Kopernik, Mikołaj</subfield><subfield code="d">(1473-1543)</subfield></datafield><datafield ind1=" " ind2="4" tag="650"><subfield code="a">Astronomowie</subfield><subfield code="z">Polska</subfield><subfield code="y">15-16 w.</subfield></datafield><datafield ind1=" " ind2="4" tag="655"><subfield code="a">Biografie</subfield></datafield><datafield ind1="1" ind2=" " tag="700"><subfield code="a">Marschall, Bogusław.</subfield><subfield code="e">Il.</subfield></datafield><datafield ind1=" " ind2=" " tag="902"><subfield code="a">121211</subfield><subfield code="c">091019</subfield><subfield code="d">m</subfield><subfield code="e">a</subfield><subfield code="f">b</subfield><subfield code="g">0</subfield></datafield><datafield ind1=" " ind2=" " tag="907"><subfield code="b">bk   </subfield><subfield code="c">b</subfield></datafield><datafield ind1=" " ind2=" " tag="960"><subfield code="a">III 569.004</subfield><subfield code="c">bk   </subfield><subfield code="h">1948 d 872/8</subfield><subfield code="i">Z 0,00</subfield><subfield code="l">-</subfield><subfield code="o">1</subfield></datafield><datafield ind1=" " ind2=" " tag="960"><subfield code="a">III 569.008 A</subfield><subfield code="c">bk   </subfield><subfield code="h">1948 e 2868/1</subfield><subfield code="i">Z 0,00</subfield><subfield code="l">-</subfield><subfield code="o">0</subfield></datafield><datafield ind1=" " ind2=" " tag="960"><subfield code="a">6.231 Wyst.</subfield><subfield code="c">bk   </subfield><subfield code="d">30001005106812</subfield><subfield code="e">6.231 Wyst.</subfield><subfield code="h">1995 d 146/62</subfield><subfield code="i">Z 50,00</subfield><subfield code="j">2008.01.24</subfield><subfield code="k">1</subfield><subfield code="l">-</subfield><subfield code="o">20</subfield><subfield code="x">odkwaszono 2012</subfield><subfield code="y">Ekslibris: Kawecka-Gryczowa Alodia. Egz. numerowany: nr 079.</subfield></datafield><datafield ind1=" " ind2=" " tag="996"><subfield code="a">.b11539355</subfield></datafield><datafield ind1=" " ind2=" " tag="998"><subfield code="a">ik</subfield><subfield code="a">o</subfield></datafield><datafield ind1=" " ind2=" " tag="999"><subfield code="a">iw</subfield><subfield code="b">ak</subfield><subfield code="x">39</subfield><subfield code="y">48</subfield></datafield><datafield ind1=" " ind2=" " tag="999"><subfield code="a">haba</subfield></datafield><datafield ind1=" " ind2=" " tag="999"><subfield code="a">ae</subfield></datafield><datafield ind1=" " ind2=" " tag="999"><subfield code="a">RZ</subfield><subfield code="b">mgzl12</subfield></datafield></record>