</MetadataObject><PersonObject OrderIndex="49" PartyRelation="CREATOR"><PartyName>Kazimierz Hartleb</PartyName><Identifiers><Identifier>1000021579785</Identifier><Scope>TEL</Scope></Identifiers><LifePeriod><Start><Time>-2650752000000</Time><Granularity>YEAR</Granularity><Uncertain>false</Uncertain></Start><End><Time>-599616000000</Time><Granularity>YEAR</Granularity><Uncertain>false</Uncertain></End></LifePeriod><FirstNames>Kazimierz</FirstNames><Surname>Hartleb</Surname></PersonObject><PersonObject OrderIndex="50" PartyRelation="CONTRIBUTOR"><PartyName>Bogusław. Marschall</PartyName><Identifiers><Identifier>1000015707752</Identifier><Scope>TEL</Scope></Identifiers><FirstNames>Bogusław.</FirstNames><Surname>Marschall</Surname></PersonObject><PersonObject OrderIndex="60" PartyRelation="SUBJECT"><PartyName>Mikołaj Kopernik</PartyName><LifePeriod><Start><Time>-15682982400000</Time><Granularity>YEAR</Granularity><Uncertain>false</Uncertain></Start><End><Time>-13473993600000</Time><Granularity>YEAR</Granularity><Uncertain>false</Uncertain></End></LifePeriod><FirstNames>Mikołaj</FirstNames><Surname>Kopernik</Surname></PersonObject><EditionObject OrderIndex="53"><Statement>Wyd. wznowione.</Statement></EditionObject><LinkObject FieldSource="TEL" LinkTarget="CATALOGUE_RECORD" OrderIndex="66"><Url>http://alpha.bn.org.pl/record=b1153935*pol</Url><LinkStatus>NOT_CHECKED</LinkStatus></LinkObject></MetadataRecord>
<MetadataRecord xmlns="http://theeuropeanlibrary.org/internal_object_model" ID="2000048757611"><BibliographicLevelObject OrderIndex="37">MONOGRAPH</BibliographicLevelObject><CatalogingFormObject OrderIndex="36">ISBD</CatalogingFormObject><TitleObject OrderIndex="42" TitleType="MAIN"><Title>Język polski</Title><SubTitle>słowa nie na wiatr... : ćwiczenia słownikowe, redakcyjne i kompozycyjne dla kl. VII, semestr II</SubTitle></TitleObject><IdentifierObject IdentifierType="LOCAL_IDENTIFIER" OrderIndex="28"><Identifier>b11540138</Identifier></IdentifierObject><IdentifierObject IdentifierType="OAIPMH" OrderIndex="30"><Identifier>urn:theeuropeanlibrary.org:a0232:b11540138</Identifier></IdentifierObject><IdentifierObject IdentifierType="LOCAL_IDENTIFIER" OrderIndex="39"><Identifier>b11540138</Identifier><Scope>a0232</Scope></IdentifierObject><IdentifierObject IdentifierType="ISBN" OrderIndex="40"><Identifier>8385921427</Identifier></IdentifierObject><IdentifierObject ContextLevel="RECORD" FieldSource="TEL" OrderIndex="55" PartyIdentifierType="TEL"><Identifier>1000015731595</Identifier><Scope>TEL</Scope></IdentifierObject><IdentifierObject ContextLevel="RECORD" FieldSource="TEL" OrderIndex="56" SpatialIdentifierType="TEL"><Identifier>1000001587202</Identifier><Scope>TEL</Scope></IdentifierObject><IllustrationsObject OrderIndex="35">NO_ILLUSTRATIONS</IllustrationsObject><SpatialEntityObject OrderIndex="49" SpatialRelation="PUBLICATION"><Identifiers><Identifier>PL</Identifier><Scope>ISO3166</Scope></Identifiers></SpatialEntityObject><NamedPlaceObject OrderIndex="47" SpatialRelation="PUBLICATION"><Identifiers><Identifier>1000001587202</Identifier><Scope>TEL</Scope></Identifiers><PlaceName>Warszawa</PlaceName></NamedPlaceObject><PrintTypeObject OrderIndex="34">PRINTED</PrintTypeObject><ProvenanceObject OrderIndex="31"><CollectionId>a0232</CollectionId><ProviderId>P01214</ProviderId></ProvenanceObject><StatusObject OrderIndex="27">UPDATED</StatusObject><TextObject OrderIndex="41" TextRelation="STATEMENT_OF_RESPONSIBILITY"><Content>Krystyna Moczydłowska.</Content></TextObject><TextObject OrderIndex="52" TextRelation="EXTENT"><Content>69, [1] s. ;</Content></TextObject><TextObject OrderIndex="53" TextRelation="EXTENT"><Content>21 cm.</Content></TextObject><OrganizationObject OrderIndex="48" PartyRelation="PUBLISHER"><PartyName>"Verum"</PartyName></OrganizationObject><LanguageObject LanguageRelation="LANGUAGE_OF_CONTENT" OrderIndex="45">POL</LanguageObject><ResourceTypeObject OrderIndex="33">TEXT</ResourceTypeObject><TopicObject OrderIndex="50"><GeneralSubdivision>szkoły podstawowe</GeneralSubdivision><TopicName>Język polski</TopicName></TopicObject><TopicObject OrderIndex="51"><TopicName>Ćwiczenia i zadania dla szkół podstawowych</TopicName></TopicObject><AudienceObject OrderIndex="38">UNKNOW</AudienceObject><InstantObject OrderIndex="29" TemporalRelation="OP_LOADED"><Time>1358943240000</Time><Granularity>SECOND</Granularity><Uncertain>false</Uncertain></InstantObject><InstantObject OrderIndex="44" TemporalRelation="PUBLICATION"><Time>757382400000</Time><Granularity>YEAR</Granularity><Uncertain>false</Uncertain></InstantObject><MetadataObject FieldSource="PROVIDER" Format="marc21" OrderIndex="32"><record xmlns="info:lc/xmlns/marcxchange-v1"><leader>00970nam a2200277 i 4500</leader><controlfield tag="001">b11540138</controlfield><controlfield tag="008">981002s1994    pl           |000 0 pol  </controlfield><datafield ind1=" " ind2=" " tag="020"><subfield code="a">8385921427</subfield></datafield><datafield ind1=" " ind2=" " tag="040"><subfield code="a">WA N</subfield><subfield code="c">WA N</subfield></datafield><datafield ind1="1" ind2=" " tag="100"><subfield code="a">Moczydłowska, Krystyna.</subfield></datafield><datafield ind1="1" ind2="0" tag="245"><subfield code="a">Język polski :</subfield><subfield code="b">słowa nie na wiatr... : ćwiczenia słownikowe, redakcyjne i kompozycyjne dla kl. VII, semestr II /</subfield><subfield code="c">Krystyna Moczydłowska.</subfield></datafield><datafield ind1=" " ind2=" " tag="250"><subfield code="a">Wyd. 2.</subfield></datafield><datafield ind1=" " ind2=" " tag="260"><subfield code="a">Warszawa :</subfield><subfield code="b">"Verum",</subfield><subfield code="c">1994</subfield><subfield code="e">([s. l. :</subfield><subfield code="f">s. n.]).</subfield></datafield><datafield ind1=" " ind2=" " tag="300"><subfield code="a">69, [1] s. ;</subfield><subfield code="c">21 cm.</subfield></datafield><datafield ind1=" " ind2="4" tag="650"><subfield code="a">Język polski</subfield><subfield code="x">szkoły podstawowe</subfield></datafield><datafield ind1=" " ind2="4" tag="655"><subfield code="a">Ćwiczenia i zadania dla szkół podstawowych</subfield></datafield><datafield ind1=" " ind2=" " tag="902"><subfield code="a">121211</subfield><subfield code="c">981005</subfield><subfield code="d">m</subfield><subfield code="e">a</subfield><subfield code="f">-</subfield><subfield code="g">0</subfield></datafield><datafield ind1=" " ind2=" " tag="907"><subfield code="b">bk   </subfield><subfield code="c">-</subfield></datafield><datafield ind1=" " ind2=" " tag="920"><subfield code="a">83-85921-42-7</subfield></datafield><datafield ind1=" " ind2=" " tag="960"><subfield code="a">II 1.702.347</subfield><subfield code="c">bk   </subfield><subfield code="d">30001005174315</subfield><subfield code="h">1994 e 13186</subfield><subfield code="i">Z 0,08</subfield><subfield code="k">1</subfield><subfield code="l">-</subfield><subfield code="o">1</subfield></datafield><datafield ind1=" " ind2=" " tag="960"><subfield code="a">II 1.840.886 A</subfield><subfield code="c">bk   </subfield><subfield code="d">30001009532036</subfield><subfield code="h">1994 e 13145</subfield><subfield code="i">Z 0,08</subfield><subfield code="k">1</subfield><subfield code="l">-</subfield><subfield code="o">0</subfield></datafield><datafield ind1=" " ind2=" " tag="996"><subfield code="a">.b11540138</subfield></datafield><datafield ind1=" " ind2=" " tag="998"><subfield code="a">ik</subfield><subfield code="a">o</subfield></datafield><datafield ind1=" " ind2=" " tag="999"><subfield code="a">ak</subfield><subfield code="b">rg</subfield></datafield><datafield ind1=" " ind2=" " tag="999"><subfield code="a">resi</subfield></datafield><datafield ind1=" " ind2=" " tag="999"><subfield code="a">mb</subfield></datafield></record>