</MetadataObject><PersonObject OrderIndex="43" PartyRelation="CREATOR"><PartyName>Krystyna. Moczydłowska</PartyName><Identifiers><Identifier>1000015731595</Identifier><Scope>TEL</Scope></Identifiers><FirstNames>Krystyna.</FirstNames><Surname>Moczydłowska</Surname></PersonObject><EditionObject OrderIndex="46"><Statement>Wyd. 2.</Statement></EditionObject><LinkObject FieldSource="TEL" LinkTarget="CATALOGUE_RECORD" OrderIndex="54"><Url>http://alpha.bn.org.pl/record=b1154013*pol</Url><LinkStatus>NOT_CHECKED</LinkStatus></LinkObject></MetadataRecord>
<MetadataRecord xmlns="http://theeuropeanlibrary.org/internal_object_model" ID="2000048757630"><BibliographicLevelObject OrderIndex="39">MONOGRAPH</BibliographicLevelObject><CatalogingFormObject OrderIndex="38">ISBD</CatalogingFormObject><TitleObject OrderIndex="43" TitleType="MAIN"><Title>U mundirach voroga</Title></TitleObject><IdentifierObject IdentifierType="LOCAL_IDENTIFIER" OrderIndex="29"><Identifier>b11540333</Identifier></IdentifierObject><IdentifierObject IdentifierType="OAIPMH" OrderIndex="31"><Identifier>urn:theeuropeanlibrary.org:a0232:b11540333</Identifier></IdentifierObject><IdentifierObject IdentifierType="LOCAL_IDENTIFIER" OrderIndex="41"><Identifier>b11540333</Identifier><Scope>a0232</Scope></IdentifierObject><IdentifierObject IdentifierType="ISBN" OrderIndex="42"><Identifier>5770754818</Identifier></IdentifierObject><IdentifierObject ContextLevel="CONTENT" FieldSource="TEL" OrderIndex="57" SpatialIdentifierType="TEL"><Identifier>1000005921967</Identifier><Scope>TEL</Scope></IdentifierObject><IllustrationsObject OrderIndex="36">ILLUSTRATIONS</IllustrationsObject><IllustrationsObject OrderIndex="37">NO_ILLUSTRATIONS</IllustrationsObject><SpatialEntityObject OrderIndex="49" SpatialRelation="PUBLICATION"><Identifiers><Identifier>UA</Identifier><Scope>ISO3166</Scope></Identifiers></SpatialEntityObject><NamedPlaceObject OrderIndex="47" SpatialRelation="PUBLICATION"><PlaceName>Kiïv</PlaceName></NamedPlaceObject><PrintTypeObject OrderIndex="35">PRINTED</PrintTypeObject><ProvenanceObject OrderIndex="32"><CollectionId>a0232</CollectionId><ProviderId>P01214</ProviderId></ProvenanceObject><StatusObject OrderIndex="28">UPDATED</StatusObject><TextObject OrderIndex="52" TextRelation="FORMAT_UNCONTROLED"><Content>mapy, portr. ;</Content></TextObject><TextObject OrderIndex="53" TextRelation="EXTENT"><Content>205, [3] s. :</Content></TextObject><TextObject OrderIndex="54" TextRelation="EXTENT"><Content>21 cm.</Content></TextObject><TextObject NoteType="GENERAL" OrderIndex="55" TextRelation="NOTE"><Content>Dotyczy działań dywizji ukr. "Galicja" w służbie niemieckiej na terenach pol. w latach 1943-1945.</Content></TextObject><OrganizationObject OrderIndex="48" PartyRelation="PUBLISHER"><PartyName>"Čas Ukraïni"</PartyName></OrganizationObject><LanguageObject LanguageRelation="LANGUAGE_OF_CONTENT" OrderIndex="46">UKR</LanguageObject><ResourceTypeObject OrderIndex="34">TEXT</ResourceTypeObject><TopicObject OrderIndex="50"><GeneralSubdivision>jednostki wojskowe</GeneralSubdivision><GeographicSubdivision><NamedPlace><Identifiers><Identifier>1000005921967</Identifier><Scope>TEL</Scope></Identifiers><PlaceName>Niemcy</PlaceName></NamedPlace></GeographicSubdivision><TopicName>Wojna 1939-1945 r.</TopicName></TopicObject><TopicObject OrderIndex="51"><ChronologicalSubdivision><Instant><Time>-1120438800000</Time><Granularity>MONTH</Granularity><Uncertain>false</Uncertain></Instant></ChronologicalSubdivision><GeographicSubdivision><NamedPlace><Identifiers><Identifier>1000005921967</Identifier><Scope>TEL</Scope></Identifiers><PlaceName>Niemcy</PlaceName></NamedPlace></GeographicSubdivision><TopicName>Wojsko</TopicName></TopicObject><AudienceObject OrderIndex="40">UNKNOW</AudienceObject><InstantObject OrderIndex="30" TemporalRelation="OP_LOADED"><Time>1358943240000</Time><Granularity>SECOND</Granularity><Uncertain>false</Uncertain></InstantObject><InstantObject OrderIndex="45" TemporalRelation="PUBLICATION"><Time>725846400000</Time><Granularity>YEAR</Granularity><Uncertain>false</Uncertain></InstantObject><MetadataObject FieldSource="PROVIDER" Format="marc21" OrderIndex="33"><record xmlns="info:lc/xmlns/marcxchange-v1"><leader>00853nam a2200253 i 4500</leader><controlfield tag="001">b11540333</controlfield><controlfield tag="008">981002s1993    un a         |000 0 ukr  </controlfield><datafield ind1=" " ind2=" " tag="020"><subfield code="a">5770754818</subfield></datafield><datafield ind1=" " ind2=" " tag="040"><subfield code="a">WA N</subfield><subfield code="c">WA N</subfield></datafield><datafield ind1="1" ind2=" " tag="100"><subfield code="a">Gunčak, Taras.</subfield></datafield><datafield ind1="1" ind2="0" tag="245"><subfield code="a">U mundirach voroga /</subfield><subfield code="c">Taras Gunčak.</subfield></datafield><datafield ind1=" " ind2=" " tag="260"><subfield code="a">Kiïv :</subfield><subfield code="b">"Čas Ukraïni",</subfield><subfield code="c">1993.</subfield></datafield><datafield ind1=" " ind2=" " tag="300"><subfield code="a">205, [3] s. :</subfield><subfield code="b">mapy, portr. ;</subfield><subfield code="c">21 cm.</subfield></datafield><datafield ind1=" " ind2=" " tag="500"><subfield code="a">Dotyczy działań dywizji ukr. "Galicja" w służbie niemieckiej na terenach pol. w latach 1943-1945.</subfield></datafield><datafield ind1=" " ind2="4" tag="650"><subfield code="a">Wojna 1939-1945 r.</subfield><subfield code="x">jednostki wojskowe</subfield><subfield code="z">Niemcy</subfield></datafield><datafield ind1=" " ind2="4" tag="650"><subfield code="a">Wojsko</subfield><subfield code="z">Niemcy</subfield><subfield code="y">1933-1945 r.</subfield></datafield><datafield ind1=" " ind2=" " tag="902"><subfield code="a">121211</subfield><subfield code="c">981005</subfield><subfield code="d">m</subfield><subfield code="e">a</subfield><subfield code="f">-</subfield><subfield code="g">0</subfield></datafield><datafield ind1=" " ind2=" " tag="907"><subfield code="b">bk   </subfield><subfield code="c">-</subfield></datafield><datafield ind1=" " ind2=" " tag="920"><subfield code="a">5-7707-5481-8</subfield></datafield><datafield ind1=" " ind2=" " tag="960"><subfield code="a">II 1.842.814 A</subfield><subfield code="c">bk   </subfield><subfield code="d">30001009781977</subfield><subfield code="h">1994 k 976</subfield><subfield code="i">Z 0,04</subfield><subfield code="k">1</subfield><subfield code="l">-</subfield><subfield code="o">0</subfield></datafield><datafield ind1=" " ind2=" " tag="996"><subfield code="a">.b11540333</subfield></datafield><datafield ind1=" " ind2=" " tag="998"><subfield code="a">ik</subfield><subfield code="a">o</subfield></datafield><datafield ind1=" " ind2=" " tag="999"><subfield code="a">JB</subfield><subfield code="b">js</subfield><subfield code="b">ae</subfield></datafield><datafield ind1=" " ind2=" " tag="999"><subfield code="a">elke</subfield><subfield code="a">sawi</subfield></datafield></record>