</MetadataObject><PersonObject OrderIndex="44" PartyRelation="CREATOR"><PartyName>Taras. Gunčak</PartyName><FirstNames>Taras.</FirstNames><Surname>Gunčak</Surname></PersonObject><LinkObject FieldSource="TEL" LinkTarget="CATALOGUE_RECORD" OrderIndex="56"><Url>http://alpha.bn.org.pl/record=b1154033*pol</Url><LinkStatus>NOT_CHECKED</LinkStatus></LinkObject></MetadataRecord>
<MetadataRecord xmlns="http://theeuropeanlibrary.org/internal_object_model" ID="2000048757574"><BibliographicLevelObject OrderIndex="41">MONOGRAPH</BibliographicLevelObject><CatalogingFormObject OrderIndex="40">ISBD</CatalogingFormObject><TitleObject OrderIndex="46" TitleType="MAIN"><Title>Historia</Title><SubTitle>[kl.] VII : zeszyt ćwiczeń</SubTitle></TitleObject><IdentifierObject IdentifierType="LOCAL_IDENTIFIER" OrderIndex="31"><Identifier>b11539768</Identifier></IdentifierObject><IdentifierObject IdentifierType="OAIPMH" OrderIndex="33"><Identifier>urn:theeuropeanlibrary.org:a0232:b11539768</Identifier></IdentifierObject><IdentifierObject IdentifierType="LOCAL_IDENTIFIER" OrderIndex="43"><Identifier>b11539768</Identifier><Scope>a0232</Scope></IdentifierObject><IdentifierObject IdentifierType="ISBN" OrderIndex="44"><Identifier>8390141590</Identifier></IdentifierObject><IdentifierObject ContextLevel="CONTENT" FieldSource="TEL" KnowledgeOrganizationSystem="TEL" OrderIndex="61"><Identifier>1000000089000</Identifier><Scope>TEL</Scope></IdentifierObject><IdentifierObject ContextLevel="RECORD" FieldSource="TEL" OrderIndex="62" PartyIdentifierType="TEL"><Identifier>1000021047774</Identifier><Scope>TEL</Scope></IdentifierObject><IdentifierObject ContextLevel="RECORD" FieldSource="TEL" OrderIndex="63" PartyIdentifierType="TEL"><Identifier>1000015791962</Identifier><Scope>TEL</Scope></IdentifierObject><IdentifierObject ContextLevel="RECORD" FieldSource="TEL" OrderIndex="64" SpatialIdentifierType="TEL"><Identifier>1000006247722</Identifier><Scope>TEL</Scope></IdentifierObject><IllustrationsObject OrderIndex="38">ILLUSTRATIONS</IllustrationsObject><IllustrationsObject OrderIndex="39">NO_ILLUSTRATIONS</IllustrationsObject><SpatialEntityObject OrderIndex="53" SpatialRelation="PUBLICATION"><Identifiers><Identifier>PL</Identifier><Scope>ISO3166</Scope></Identifiers></SpatialEntityObject><NamedPlaceObject OrderIndex="51" SpatialRelation="PUBLICATION"><Identifiers><Identifier>1000006247722</Identifier><Scope>TEL</Scope></Identifiers><PlaceName>Toruń</PlaceName></NamedPlaceObject><PrintTypeObject OrderIndex="37">PRINTED</PrintTypeObject><ProvenanceObject OrderIndex="34"><CollectionId>a0232</CollectionId><ProviderId>P01214</ProviderId></ProvenanceObject><StatusObject OrderIndex="30">UPDATED</StatusObject><TextObject OrderIndex="45" TextRelation="STATEMENT_OF_RESPONSIBILITY"><Content>Barbara Bleja, Edward Bartkowski.</Content></TextObject><TextObject OrderIndex="56" TextRelation="FORMAT_UNCONTROLED"><Content>rys. ;</Content></TextObject><TextObject OrderIndex="57" TextRelation="EXTENT"><Content>112 s. :</Content></TextObject><TextObject OrderIndex="58" TextRelation="EXTENT"><Content>21 cm.</Content></TextObject><TextObject OrderIndex="59" TextRelation="EXTENT"><Content>Opisany egz. ma na s. red. nr 191/94 z zestawu podręczników zalecanych przez MEN.</Content></TextObject><OrganizationObject OrderIndex="52" PartyRelation="PUBLISHER"><PartyName>Wydaw. BEA</PartyName></OrganizationObject><LanguageObject LanguageRelation="LANGUAGE_OF_CONTENT" OrderIndex="50">POL</LanguageObject><ResourceTypeObject OrderIndex="36">TEXT</ResourceTypeObject><TopicObject OrderIndex="54"><GeneralSubdivision>szkoły podstawowe</GeneralSubdivision><TopicName>Historia</TopicName><Identifiers><Identifier>1000000089000</Identifier><Scope>TEL</Scope></Identifiers></TopicObject><TopicObject OrderIndex="55"><TopicName>Ćwiczenia i zadania dla szkół podstawowych</TopicName></TopicObject><AudienceObject OrderIndex="42">UNKNOW</AudienceObject><InstantObject OrderIndex="32" TemporalRelation="OP_LOADED"><Time>1358943240000</Time><Granularity>SECOND</Granularity><Uncertain>false</Uncertain></InstantObject><InstantObject OrderIndex="49" TemporalRelation="PUBLICATION"><Time>757382400000</Time><Granularity>YEAR</Granularity><Uncertain>false</Uncertain></InstantObject><MetadataObject FieldSource="PROVIDER" Format="marc21" OrderIndex="35"><record xmlns="info:lc/xmlns/marcxchange-v1"><leader>00950nam a2200265 i 4500</leader><controlfield tag="001">b11539768</controlfield><controlfield tag="008">981002s1994    pl a         |000 0 pol  </controlfield><datafield ind1=" " ind2=" " tag="020"><subfield code="a">8390141590</subfield></datafield><datafield ind1=" " ind2=" " tag="040"><subfield code="a">WA N</subfield><subfield code="c">WA N</subfield></datafield><datafield ind1="1" ind2=" " tag="100"><subfield code="a">Bleja-Sosna, Barbara.</subfield></datafield><datafield ind1="1" ind2="0" tag="245"><subfield code="a">Historia :</subfield><subfield code="b">[kl.] VII : zeszyt ćwiczeń /</subfield><subfield code="c">Barbara Bleja, Edward Bartkowski.</subfield></datafield><datafield ind1=" " ind2=" " tag="260"><subfield code="a">Toruń :</subfield><subfield code="b">Wydaw. BEA,</subfield><subfield code="c">1994</subfield><subfield code="e">(Inowrocław :</subfield><subfield code="f">"POZKAL").</subfield></datafield><datafield ind1=" " ind2=" " tag="300"><subfield code="a">112 s. :</subfield><subfield code="b">rys. ;</subfield><subfield code="c">21 cm.</subfield></datafield><datafield ind1=" " ind2=" " tag="300"><subfield code="a">Opisany egz. ma na s. red. nr 191/94 z zestawu podręczników zalecanych przez MEN.</subfield></datafield><datafield ind1=" " ind2="4" tag="650"><subfield code="a">Historia</subfield><subfield code="x">szkoły podstawowe</subfield></datafield><datafield ind1=" " ind2="4" tag="655"><subfield code="a">Ćwiczenia i zadania dla szkół podstawowych</subfield></datafield><datafield ind1="1" ind2=" " tag="700"><subfield code="a">Bartkowski, Edward.</subfield></datafield><datafield ind1=" " ind2=" " tag="902"><subfield code="a">121211</subfield><subfield code="c">981005</subfield><subfield code="d">m</subfield><subfield code="e">a</subfield><subfield code="f">-</subfield><subfield code="g">0</subfield></datafield><datafield ind1=" " ind2=" " tag="907"><subfield code="b">bk   </subfield><subfield code="c">-</subfield></datafield><datafield ind1=" " ind2=" " tag="920"><subfield code="a">83-901415-9-0</subfield></datafield><datafield ind1=" " ind2=" " tag="960"><subfield code="a">II 1.840.893 A</subfield><subfield code="c">bk   </subfield><subfield code="d">30001009665499</subfield><subfield code="h">1995 e 4690</subfield><subfield code="i">Z 0,08</subfield><subfield code="k">1</subfield><subfield code="l">-</subfield><subfield code="o">0</subfield><subfield code="y">Nie dublet: II 1.840.894 A</subfield></datafield><datafield ind1=" " ind2=" " tag="996"><subfield code="a">.b11539768</subfield></datafield><datafield ind1=" " ind2=" " tag="998"><subfield code="a">ik</subfield><subfield code="a">o</subfield></datafield><datafield ind1=" " ind2=" " tag="999"><subfield code="a">ak</subfield><subfield code="b">rg</subfield><subfield code="b">mb</subfield></datafield><datafield ind1=" " ind2=" " tag="999"><subfield code="a">resi</subfield></datafield></record>