</MetadataObject><PersonObject OrderIndex="47" PartyRelation="CREATOR"><PartyName>Barbara. Bleja-Sosna</PartyName><Identifiers><Identifier>1000015791962</Identifier><Scope>TEL</Scope></Identifiers><FirstNames>Barbara.</FirstNames><Surname>Bleja-Sosna</Surname></PersonObject><PersonObject OrderIndex="48" PartyRelation="CONTRIBUTOR"><PartyName>Edward. Bartkowski</PartyName><Identifiers><Identifier>1000021047774</Identifier><Scope>TEL</Scope></Identifiers><FirstNames>Edward.</FirstNames><Surname>Bartkowski</Surname></PersonObject><LinkObject FieldSource="TEL" LinkTarget="CATALOGUE_RECORD" OrderIndex="60"><Url>http://alpha.bn.org.pl/record=b1153976*pol</Url><LinkStatus>NOT_CHECKED</LinkStatus></LinkObject></MetadataRecord>
<MetadataRecord xmlns="http://theeuropeanlibrary.org/internal_object_model" ID="2000048757595"><BibliographicLevelObject OrderIndex="41">MONOGRAPH</BibliographicLevelObject><CatalogingFormObject OrderIndex="40">ISBD</CatalogingFormObject><TitleObject OrderIndex="46" TitleType="MAIN"><Title>Help Yourself to English</Title><SubTitle>zeszyt ćwiczeń do nauki języka angielskiego</SubTitle></TitleObject><IdentifierObject IdentifierType="LOCAL_IDENTIFIER" OrderIndex="31"><Identifier>b11539975</Identifier></IdentifierObject><IdentifierObject IdentifierType="OAIPMH" OrderIndex="33"><Identifier>urn:theeuropeanlibrary.org:a0232:b11539975</Identifier></IdentifierObject><IdentifierObject IdentifierType="LOCAL_IDENTIFIER" OrderIndex="43"><Identifier>b11539975</Identifier><Scope>a0232</Scope></IdentifierObject><IdentifierObject IdentifierType="ISBN" OrderIndex="44"><Identifier>8371250088</Identifier></IdentifierObject><IdentifierObject ContextLevel="RECORD" FieldSource="TEL" OrderIndex="61" PartyIdentifierType="TEL"><Identifier>1000021087307</Identifier><Scope>TEL</Scope></IdentifierObject><IdentifierObject ContextLevel="RECORD" FieldSource="TEL" OrderIndex="62" SpatialIdentifierType="TEL"><Identifier>1000006243907</Identifier><Scope>TEL</Scope></IdentifierObject><IllustrationsObject OrderIndex="38">ILLUSTRATIONS</IllustrationsObject><IllustrationsObject OrderIndex="39">NO_ILLUSTRATIONS</IllustrationsObject><SpatialEntityObject OrderIndex="54" SpatialRelation="PUBLICATION"><Identifiers><Identifier>PL</Identifier><Scope>ISO3166</Scope></Identifiers></SpatialEntityObject><NamedPlaceObject OrderIndex="52" SpatialRelation="PUBLICATION"><Identifiers><Identifier>1000006243907</Identifier><Scope>TEL</Scope></Identifiers><PlaceName>Wrocław</PlaceName></NamedPlaceObject><PrintTypeObject OrderIndex="37">PRINTED</PrintTypeObject><ProvenanceObject OrderIndex="34"><CollectionId>a0232</CollectionId><ProviderId>P01214</ProviderId></ProvenanceObject><StatusObject OrderIndex="30">UPDATED</StatusObject><TextObject OrderIndex="45" TextRelation="STATEMENT_OF_RESPONSIBILITY"><Content>Andrzej Zielasko.</Content></TextObject><TextObject OrderIndex="57" TextRelation="FORMAT_UNCONTROLED"><Content>rys. ;</Content></TextObject><TextObject OrderIndex="58" TextRelation="EXTENT"><Content>63 s., [ 1] :</Content></TextObject><TextObject OrderIndex="59" TextRelation="EXTENT"><Content>21 cm.</Content></TextObject><OrganizationObject ContributionType="PUBLISHER" OrderIndex="48" PartyRelation="CONTRIBUTOR"><PartyName>Dolnośląskie Wydawnictwo Edukacyjne.</PartyName><Subdivision/></OrganizationObject><OrganizationObject OrderIndex="53" PartyRelation="PUBLISHER"><PartyName>Dolnośląskie Wydaw. Edukacyjne</PartyName></OrganizationObject><LanguageObject LanguageRelation="LANGUAGE_OF_CONTENT" OrderIndex="50">ENG</LanguageObject><LanguageObject LanguageRelation="LANGUAGE_OF_CONTENT" OrderIndex="51">POL</LanguageObject><ResourceTypeObject OrderIndex="36">TEXT</ResourceTypeObject><TopicObject OrderIndex="55"><TopicName>Język angielski</TopicName></TopicObject><TopicObject OrderIndex="56"><TopicName>Ćwiczenia i zadania</TopicName></TopicObject><AudienceObject OrderIndex="42">UNKNOW</AudienceObject><InstantObject OrderIndex="32" TemporalRelation="OP_LOADED"><Time>1358943240000</Time><Granularity>SECOND</Granularity><Uncertain>false</Uncertain></InstantObject><InstantObject OrderIndex="49" TemporalRelation="PUBLICATION"><Time>757382400000</Time><Granularity>YEAR</Granularity><Uncertain>false</Uncertain></InstantObject><MetadataObject FieldSource="PROVIDER" Format="marc21" OrderIndex="35"><record xmlns="info:lc/xmlns/marcxchange-v1"><leader>00962nam a2200277 i 4500</leader><controlfield tag="001">b11539975</controlfield><controlfield tag="008">981002s1994    pl a         |000 0 eng  </controlfield><datafield ind1=" " ind2=" " tag="020"><subfield code="a">8371250088</subfield></datafield><datafield ind1=" " ind2=" " tag="040"><subfield code="a">WA N</subfield><subfield code="c">WA N</subfield></datafield><datafield ind1="0" ind2=" " tag="041"><subfield code="a">engpol</subfield></datafield><datafield ind1="1" ind2=" " tag="100"><subfield code="a">Zielasko, Andrzej.</subfield></datafield><datafield ind1="1" ind2="0" tag="245"><subfield code="a">Help Yourself to English :</subfield><subfield code="b">zeszyt ćwiczeń do nauki języka angielskiego /</subfield><subfield code="c">Andrzej Zielasko.</subfield></datafield><datafield ind1=" " ind2=" " tag="260"><subfield code="a">Wrocław :</subfield><subfield code="b">Dolnośląskie Wydaw. Edukacyjne,</subfield><subfield code="c">cop.1994</subfield><subfield code="e">(Wrocław :</subfield><subfield code="f">Wrocław. Druk. Nauk.).</subfield></datafield><datafield ind1=" " ind2=" " tag="300"><subfield code="a">63 s., [ 1] :</subfield><subfield code="b">rys. ;</subfield><subfield code="c">21 cm.</subfield></datafield><datafield ind1=" " ind2="4" tag="650"><subfield code="a">Język angielski</subfield></datafield><datafield ind1=" " ind2="4" tag="655"><subfield code="a">Ćwiczenia i zadania</subfield></datafield><datafield ind1="2" ind2=" " tag="710"><subfield code="a">Dolnośląskie Wydawnictwo Edukacyjne.</subfield><subfield code="4">pbl</subfield></datafield><datafield ind1=" " ind2=" " tag="902"><subfield code="a">121231</subfield><subfield code="c">981005</subfield><subfield code="d">m</subfield><subfield code="e">a</subfield><subfield code="f">-</subfield><subfield code="g">0</subfield></datafield><datafield ind1=" " ind2=" " tag="907"><subfield code="b">bk   </subfield><subfield code="c">-</subfield></datafield><datafield ind1=" " ind2=" " tag="920"><subfield code="a">83-7125-008-8</subfield></datafield><datafield ind1=" " ind2=" " tag="960"><subfield code="a">II 1.134.933</subfield><subfield code="c">bk   </subfield><subfield code="h">1994 e 13280/102</subfield><subfield code="i">Z 0,03</subfield><subfield code="k">1</subfield><subfield code="l">-</subfield><subfield code="o">1</subfield></datafield><datafield ind1=" " ind2=" " tag="960"><subfield code="a">II 1.358.897 A</subfield><subfield code="c">bk   </subfield><subfield code="d">30001010118656</subfield><subfield code="h">1994 e 13280/101</subfield><subfield code="i">Z 0,03</subfield><subfield code="k">1</subfield><subfield code="l">-</subfield><subfield code="o">0</subfield></datafield><datafield ind1=" " ind2=" " tag="996"><subfield code="a">.b11539975</subfield></datafield><datafield ind1=" " ind2=" " tag="998"><subfield code="a">ik</subfield><subfield code="a">o</subfield></datafield><datafield ind1=" " ind2=" " tag="999"><subfield code="a">ak</subfield><subfield code="b">rg</subfield></datafield><datafield ind1=" " ind2=" " tag="999"><subfield code="a">rodo</subfield></datafield></record>