</MetadataObject><PersonObject OrderIndex="41" PartyRelation="CREATOR"><PartyName>Lesław. Bobka</PartyName><Identifiers><Identifier>1000021680510</Identifier><Scope>TEL</Scope></Identifiers><FirstNames>Lesław.</FirstNames><Surname>Bobka</Surname></PersonObject><PersonObject OrderIndex="42" PartyRelation="CONTRIBUTOR"><PartyName>Vladek. Sheybal-Skibiński</PartyName><Identifiers><Identifier>1000020883468</Identifier><Scope>TEL</Scope></Identifiers><FirstNames>Vladek.</FirstNames><Surname>Sheybal-Skibiński</Surname></PersonObject><LinkObject FieldSource="TEL" LinkTarget="CATALOGUE_RECORD" OrderIndex="52"><Url>http://alpha.bn.org.pl/record=b1154093*pol</Url><LinkStatus>NOT_CHECKED</LinkStatus></LinkObject></MetadataRecord>
<MetadataRecord xmlns="http://theeuropeanlibrary.org/internal_object_model" ID="2000048757632"><BibliographicLevelObject OrderIndex="42">MONOGRAPH</BibliographicLevelObject><CatalogingFormObject OrderIndex="41">ISBD</CatalogingFormObject><TitleObject OrderIndex="46" TitleType="MAIN"><Title>Traité du destin</Title></TitleObject><TitleObject OrderIndex="47" TitleType="ALTERNATIVE"><Title>Peri eimarmenĒs</Title></TitleObject><IdentifierObject IdentifierType="LOCAL_IDENTIFIER" OrderIndex="33"><Identifier>b11540357</Identifier></IdentifierObject><IdentifierObject IdentifierType="OAIPMH" OrderIndex="35"><Identifier>urn:theeuropeanlibrary.org:a0232:b11540357</Identifier></IdentifierObject><IdentifierObject IdentifierType="LOCAL_IDENTIFIER" OrderIndex="44"><Identifier>b11540357</Identifier><Scope>a0232</Scope></IdentifierObject><IdentifierObject IdentifierType="ISBN" OrderIndex="45"><Identifier>2251003657</Identifier></IdentifierObject><IdentifierObject ContextLevel="RECORD" FieldSource="TEL" OrderIndex="65" PartyIdentifierType="TEL"><Identifier>1000020793337</Identifier><Scope>TEL</Scope></IdentifierObject><IdentifierObject ContextLevel="RECORD" FieldSource="TEL" OrderIndex="66" PartyIdentifierType="TEL"><Identifier>1000022257587</Identifier><Scope>TEL</Scope></IdentifierObject><IdentifierObject ContextLevel="RECORD" FieldSource="TEL" OrderIndex="67" PartyIdentifierType="TEL"><Identifier>1000021993213</Identifier><Scope>TEL</Scope></IdentifierObject><IdentifierObject ContextLevel="CONTENT" FieldSource="TEL" OrderIndex="68" PartyIdentifierType="TEL"><Identifier>1000022257587</Identifier><Scope>TEL</Scope></IdentifierObject><IdentifierObject ContextLevel="RECORD" FieldSource="TEL" OrderIndex="69" SpatialIdentifierType="TEL"><Identifier>1000006057437</Identifier><Scope>TEL</Scope></IdentifierObject><IllustrationsObject OrderIndex="40">NO_ILLUSTRATIONS</IllustrationsObject><SpatialEntityObject OrderIndex="55" SpatialRelation="PUBLICATION"><Identifiers><Identifier>FR</Identifier><Scope>ISO3166</Scope></Identifiers></SpatialEntityObject><NamedPlaceObject OrderIndex="53" SpatialRelation="PUBLICATION"><Identifiers><Identifier>1000006057437</Identifier><Scope>TEL</Scope></Identifiers><PlaceName>Paris</PlaceName></NamedPlaceObject><PrintTypeObject OrderIndex="39">PRINTED</PrintTypeObject><ProvenanceObject OrderIndex="36"><CollectionId>a0232</CollectionId><ProviderId>P01214</ProviderId></ProvenanceObject><StatusObject OrderIndex="32">UPDATED</StatusObject><TextObject OrderIndex="59" TextRelation="EXTENT"><Content>CLVIII, [1], 110, [2] s. ;</Content></TextObject><TextObject OrderIndex="60" TextRelation="EXTENT"><Content>20 cm.</Content></TextObject><TextObject NoteType="GENERAL" OrderIndex="61" TextRelation="NOTE"><Content>Tekst równol. fr.-grec., przedm. i koment. w jęz. fr. - Numeracja stron podwójna od s. 1-76.</Content></TextObject><TextObject OrderIndex="62" TextRelation="DESCRIPTION"><Content>Bibliogr. s. CXLIII-CLVIII. - Indeks.</Content></TextObject><TextObject NoteType="EXTERNAL_INDEXES" OrderIndex="63" TextRelation="NOTE"><Content>NUC CDROM.</Content></TextObject><OrganizationObject OrderIndex="54" PartyRelation="PUBLISHER"><PartyName>Les belles lettres</PartyName><Identifiers><Identifier>1000021993213</Identifier><Scope>TEL</Scope></Identifiers></OrganizationObject><LanguageObject LanguageRelation="LANGUAGE_OF_CONTENT" OrderIndex="51">FRE</LanguageObject><LanguageObject LanguageRelation="LANGUAGE_OF_CONTENT" OrderIndex="52">GRE</LanguageObject><ResourceTypeObject OrderIndex="38">TEXT</ResourceTypeObject><TopicObject OrderIndex="57"><GeneralSubdivision>historia</GeneralSubdivision><ChronologicalSubdivision><TemporalTextualExpression><Text>2 w.</Text></TemporalTextualExpression></ChronologicalSubdivision><GeographicSubdivision><NamedPlace><PlaceName>Grecja</PlaceName></NamedPlace></GeographicSubdivision><TopicName>Filozofia</TopicName></TopicObject><TopicObject OrderIndex="58"><GeneralSubdivision>filozofia</GeneralSubdivision><TopicName>Przeznaczenie</TopicName></TopicObject><AudienceObject OrderIndex="43">UNKNOW</AudienceObject><InstantObject OrderIndex="34" TemporalRelation="OP_LOADED"><Time>1358943240000</Time><Granularity>SECOND</Granularity><Uncertain>false</Uncertain></InstantObject><InstantObject OrderIndex="50" TemporalRelation="PUBLICATION"><Time>441763200000</Time><Granularity>YEAR</Granularity><Uncertain>false</Uncertain></InstantObject><MetadataObject FieldSource="PROVIDER" Format="marc21" OrderIndex="37"><record xmlns="info:lc/xmlns/marcxchange-v1"><leader>01271nam a2200349 i 4500</leader><controlfield tag="001">b11540357</controlfield><controlfield tag="008">981002s1984    fr           |001 0 fre d</controlfield><datafield ind1=" " ind2=" " tag="020"><subfield code="a">2251003657</subfield></datafield><datafield ind1=" " ind2=" " tag="040"><subfield code="a">WA N</subfield><subfield code="c">WA N</subfield></datafield><datafield ind1="1" ind2=" " tag="041"><subfield code="a">fregre</subfield><subfield code="h">gre</subfield></datafield><datafield ind1="0" ind2=" " tag="100"><subfield code="a">Alexander Aphrodisiensis.</subfield></datafield><datafield ind1="1" ind2="0" tag="245"><subfield code="a">Traité du destin /</subfield><subfield code="c">Alexandre d'Aphrodise ; texte établi et trad. par Pierre Thillet.</subfield></datafield><datafield ind1="1" ind2=" " tag="246"><subfield code="i">Tyt. oryg.:</subfield><subfield code="a">Peri eimarmenĒs</subfield></datafield><datafield ind1=" " ind2=" " tag="260"><subfield code="a">Paris :</subfield><subfield code="b">Les belles lettres,</subfield><subfield code="c">1984.</subfield></datafield><datafield ind1=" " ind2=" " tag="300"><subfield code="a">CLVIII, [1], 110, [2] s. ;</subfield><subfield code="c">20 cm.</subfield></datafield><datafield ind1="1" ind2=" " tag="490"><subfield code="a">Collection des Universités d France,</subfield><subfield code="x">0184-7155</subfield></datafield><datafield ind1=" " ind2=" " tag="500"><subfield code="a">Tekst równol. fr.-grec., przedm. i koment. w jęz. fr. - Numeracja stron podwójna od s. 1-76.</subfield></datafield><datafield ind1=" " ind2=" " tag="504"><subfield code="a">Bibliogr. s. CXLIII-CLVIII. - Indeks.</subfield></datafield><datafield ind1="4" ind2=" " tag="510"><subfield code="a">NUC CDROM.</subfield></datafield><datafield ind1="0" ind2="4" tag="600"><subfield code="a">Alexander Aphrodisiensis.</subfield><subfield code="t">Peri eimarmenEes</subfield></datafield><datafield ind1=" " ind2="4" tag="650"><subfield code="a">Filozofia</subfield><subfield code="x">historia</subfield><subfield code="z">Grecja</subfield><subfield code="y">2 w.</subfield></datafield><datafield ind1=" " ind2="4" tag="650"><subfield code="a">Przeznaczenie</subfield><subfield code="x">filozofia</subfield></datafield><datafield ind1="1" ind2=" " tag="700"><subfield code="a">Thillet, Pierre.</subfield><subfield code="e">Oprac.</subfield></datafield><datafield ind1=" " ind2="0" tag="830"><subfield code="a">Collection des Universités d France,</subfield><subfield code="x">0184-7155</subfield></datafield><datafield ind1=" " ind2=" " tag="902"><subfield code="a">121219</subfield><subfield code="c">981005</subfield><subfield code="d">m</subfield><subfield code="e">a</subfield><subfield code="f">-</subfield><subfield code="g">0</subfield></datafield><datafield ind1=" " ind2=" " tag="907"><subfield code="b">bk   </subfield><subfield code="c">-</subfield></datafield><datafield ind1=" " ind2=" " tag="920"><subfield code="a">2-251-00365-7</subfield></datafield><datafield ind1=" " ind2=" " tag="960"><subfield code="a">I 1.668.971</subfield><subfield code="c">bk   </subfield><subfield code="d">30001010464425</subfield><subfield code="h">1995 d 207/5</subfield><subfield code="i">Z 0,25</subfield><subfield code="k">2</subfield><subfield code="l">-</subfield><subfield code="o">1</subfield></datafield><datafield ind1=" " ind2=" " tag="996"><subfield code="a">.b11540357</subfield></datafield><datafield ind1=" " ind2=" " tag="998"><subfield code="a">ik</subfield><subfield code="a">o</subfield></datafield><datafield ind1=" " ind2=" " tag="999"><subfield code="a">msz</subfield><subfield code="b">as</subfield><subfield code="b">ae</subfield></datafield><datafield ind1=" " ind2=" " tag="999"><subfield code="a">anku</subfield></datafield></record>