</MetadataObject><PersonObject OrderIndex="48" PartyRelation="CREATOR"><PartyName>Alexander Aphrodisiensis.</PartyName><Identifiers><Identifier>1000022257587</Identifier><Scope>TEL</Scope></Identifiers><FirstNames>Alexander</FirstNames><Surname>Aphrodisiensis.</Surname></PersonObject><PersonObject OrderIndex="49" PartyRelation="CONTRIBUTOR"><PartyName>Pierre. Thillet</PartyName><Identifiers><Identifier>1000020793337</Identifier><Scope>TEL</Scope></Identifiers><FirstNames>Pierre.</FirstNames><Surname>Thillet</Surname></PersonObject><PersonObject OrderIndex="56" PartyRelation="SUBJECT"><PartyName>Alexander Aphrodisiensis.</PartyName><Identifiers><Identifier>1000022257587</Identifier><Scope>TEL</Scope></Identifiers><FirstNames>Alexander</FirstNames><Surname>Aphrodisiensis.</Surname></PersonObject><LinkObject FieldSource="TEL" LinkTarget="CATALOGUE_RECORD" OrderIndex="64"><Url>http://alpha.bn.org.pl/record=b1154035*pol</Url><LinkStatus>NOT_CHECKED</LinkStatus></LinkObject></MetadataRecord>
<MetadataRecord xmlns="http://theeuropeanlibrary.org/internal_object_model" ID="2000048757650"><BibliographicLevelObject OrderIndex="41">MONOGRAPH</BibliographicLevelObject><CatalogingFormObject OrderIndex="40">ISBD</CatalogingFormObject><TitleObject OrderIndex="46" TitleType="MAIN"><Title>Anus Mundi</Title><SubTitle>fünf Jahre Auschwitz</SubTitle></TitleObject><TitleObject OrderIndex="47" TitleType="ALTERNATIVE"><Title>Anus Mundi</Title></TitleObject><IdentifierObject IdentifierType="LOCAL_IDENTIFIER" OrderIndex="32"><Identifier>b11540540</Identifier></IdentifierObject><IdentifierObject IdentifierType="OAIPMH" OrderIndex="34"><Identifier>urn:theeuropeanlibrary.org:a0232:b11540540</Identifier></IdentifierObject><IdentifierObject IdentifierType="LOCAL_IDENTIFIER" OrderIndex="43"><Identifier>b11540540</Identifier><Scope>a0232</Scope></IdentifierObject><IdentifierObject IdentifierType="ISBN" OrderIndex="44"><Identifier>3596234697</Identifier></IdentifierObject><IdentifierObject ContextLevel="RECORD" FieldSource="TEL" OrderIndex="63" PartyIdentifierType="TEL"><Identifier>1000021694005</Identifier><Scope>TEL</Scope></IdentifierObject><IdentifierObject ContextLevel="RECORD" FieldSource="TEL" OrderIndex="64" PartyIdentifierType="TEL"><Identifier>1000016988941</Identifier><Scope>TEL</Scope></IdentifierObject><IdentifierObject ContextLevel="RECORD" FieldSource="TEL" OrderIndex="65" PartyIdentifierType="TEL"><Identifier>2000078001039</Identifier><Scope>TEL</Scope></IdentifierObject><IdentifierObject ContextLevel="RECORD" FieldSource="TEL" OrderIndex="66" PartyIdentifierType="TEL"><Identifier>2000074303378</Identifier><Scope>TEL</Scope></IdentifierObject><IdentifierObject ContextLevel="CONTENT" FieldSource="TEL" OrderIndex="67" PartyIdentifierType="TEL"><Identifier>1000016988941</Identifier><Scope>TEL</Scope></IdentifierObject><IdentifierObject ContextLevel="RECORD" FieldSource="TEL" OrderIndex="68" SpatialIdentifierType="TEL"><Identifier>1000005931079</Identifier><Scope>TEL</Scope></IdentifierObject><IllustrationsObject OrderIndex="39">NO_ILLUSTRATIONS</IllustrationsObject><SpatialEntityObject OrderIndex="56" SpatialRelation="PUBLICATION"><Identifiers><Identifier>DE</Identifier><Scope>ISO3166</Scope></Identifiers></SpatialEntityObject><NamedPlaceObject OrderIndex="54" SpatialRelation="PUBLICATION"><Identifiers><Identifier>1000005931079</Identifier><Scope>TEL</Scope></Identifiers><PlaceName>Frankfurt am Main</PlaceName></NamedPlaceObject><PrintTypeObject OrderIndex="38">PRINTED</PrintTypeObject><ProvenanceObject OrderIndex="35"><CollectionId>a0232</CollectionId><ProviderId>P01214</ProviderId></ProvenanceObject><StatusObject OrderIndex="31">UPDATED</StatusObject><TextObject OrderIndex="45" TextRelation="STATEMENT_OF_RESPONSIBILITY"><Content>Wieslaw Kielar ; aus dem Poln. von Wera Kapkajew ; [Vorw. Mieczysław Kieta].</Content></TextObject><TextObject OrderIndex="60" TextRelation="EXTENT"><Content>415, [1] s. ;</Content></TextObject><TextObject OrderIndex="61" TextRelation="EXTENT"><Content>19 cm.</Content></TextObject><OrganizationObject OrderIndex="55" PartyRelation="PUBLISHER"><PartyName>Fischer Taschenbuch Verl.</PartyName></OrganizationObject><OrganizationObject OrderIndex="58" PartyRelation="SUBJECT"><PartyName>Obóz hitlerowski Auschwitz-Birkenau</PartyName><Subject/></OrganizationObject><LanguageObject LanguageRelation="LANGUAGE_OF_CONTENT" OrderIndex="52">GER</LanguageObject><ResourceTypeObject OrderIndex="37">TEXT</ResourceTypeObject><TopicObject OrderIndex="59"><ChronologicalSubdivision><Instant><Time>-931050000000</Time><Granularity>MONTH</Granularity><Uncertain>false</Uncertain></Instant></ChronologicalSubdivision><TopicName>Pamiętniki polskie</TopicName></TopicObject><AudienceObject OrderIndex="42">UNKNOW</AudienceObject><InstantObject OrderIndex="33" TemporalRelation="OP_LOADED"><Time>1358943240000</Time><Granularity>SECOND</Granularity><Uncertain>false</Uncertain></InstantObject><InstantObject OrderIndex="51" TemporalRelation="PUBLICATION"><Time>757382400000</Time><Granularity>YEAR</Granularity><Uncertain>false</Uncertain></InstantObject><MetadataObject FieldSource="PROVIDER" Format="marc21" OrderIndex="36"><record xmlns="info:lc/xmlns/marcxchange-v1"><leader>01158nam a2200337 i 4500</leader><controlfield tag="001">b11540540</controlfield><controlfield tag="008">981002s1994    gw           |000 0 ger  </controlfield><datafield ind1=" " ind2=" " tag="020"><subfield code="a">3596234697</subfield></datafield><datafield ind1=" " ind2=" " tag="040"><subfield code="a">WA N</subfield><subfield code="c">WA N</subfield></datafield><datafield ind1="1" ind2=" " tag="100"><subfield code="a">Kielar, Wiesław</subfield><subfield code="d">(1919-1990).</subfield></datafield><datafield ind1="1" ind2="0" tag="245"><subfield code="a">Anus Mundi :</subfield><subfield code="b">fünf Jahre Auschwitz /</subfield><subfield code="c">Wieslaw Kielar ; aus dem Poln. von Wera Kapkajew ; [Vorw. Mieczysław Kieta].</subfield></datafield><datafield ind1="1" ind2=" " tag="246"><subfield code="i">Tyt. oryg.:</subfield><subfield code="a">Anus Mundi</subfield></datafield><datafield ind1=" " ind2=" " tag="250"><subfield code="a">[22.-23. Tsd., ungekürzte Ausg.].</subfield></datafield><datafield ind1=" " ind2=" " tag="260"><subfield code="a">Frankfurt am Main :</subfield><subfield code="b">Fischer Taschenbuch Verl.,</subfield><subfield code="c">1994.</subfield></datafield><datafield ind1=" " ind2=" " tag="300"><subfield code="a">415, [1] s. ;</subfield><subfield code="c">19 cm.</subfield></datafield><datafield ind1="1" ind2=" " tag="490"><subfield code="a">Fischer-Taschenbücher ;</subfield><subfield code="v">3469</subfield></datafield><datafield ind1="1" ind2="4" tag="600"><subfield code="a">Kielar, Wiesław</subfield><subfield code="d">(1919-1990)</subfield></datafield><datafield ind1="2" ind2="4" tag="610"><subfield code="a">Obóz hitlerowski Auschwitz-Birkenau</subfield></datafield><datafield ind1=" " ind2="4" tag="655"><subfield code="a">Pamiętniki polskie</subfield><subfield code="y">1939-1945 r.</subfield></datafield><datafield ind1="1" ind2=" " tag="700"><subfield code="a">Kapkajew, Wera.</subfield><subfield code="e">Tł.</subfield></datafield><datafield ind1="1" ind2=" " tag="700"><subfield code="a">Kieta, Mieczysław</subfield><subfield code="d">(1920-1984).</subfield><subfield code="e">Przedm.</subfield></datafield><datafield ind1=" " ind2="0" tag="830"><subfield code="a">Fischer-Taschenbücher ;</subfield><subfield code="v">3469</subfield></datafield><datafield ind1=" " ind2=" " tag="902"><subfield code="a">121211</subfield><subfield code="c">981005</subfield><subfield code="d">m</subfield><subfield code="e">a</subfield><subfield code="f">-</subfield><subfield code="g">0</subfield></datafield><datafield ind1=" " ind2=" " tag="907"><subfield code="b">bk   </subfield><subfield code="c">-</subfield></datafield><datafield ind1=" " ind2=" " tag="920"><subfield code="a">3-596-23469-7</subfield></datafield><datafield ind1=" " ind2=" " tag="960"><subfield code="a">I 1.880.249 A</subfield><subfield code="c">bk   </subfield><subfield code="h">1995 w 22/12</subfield><subfield code="i">Z 0,09</subfield><subfield code="k">1</subfield><subfield code="l">-</subfield><subfield code="o">0</subfield></datafield><datafield ind1=" " ind2=" " tag="996"><subfield code="a">.b11540540</subfield></datafield><datafield ind1=" " ind2=" " tag="998"><subfield code="a">ik</subfield><subfield code="a">o</subfield></datafield><datafield ind1=" " ind2=" " tag="999"><subfield code="a">JB</subfield><subfield code="b">js</subfield></datafield><datafield ind1=" " ind2=" " tag="999"><subfield code="a">sawi</subfield><subfield code="a">resi</subfield></datafield><datafield ind1=" " ind2=" " tag="999"><subfield code="a">ae</subfield></datafield></record>