</MetadataObject><PersonObject OrderIndex="48" PartyRelation="CREATOR"><PartyName>Wiesław Kielar</PartyName><Identifiers><Identifier>1000016988941</Identifier><Scope>TEL</Scope></Identifiers><LifePeriod><Start><Time>-1609459200000</Time><Granularity>YEAR</Granularity><Uncertain>false</Uncertain></Start><End><Time>631152000000</Time><Granularity>YEAR</Granularity><Uncertain>false</Uncertain></End></LifePeriod><FirstNames>Wiesław</FirstNames><Surname>Kielar</Surname></PersonObject><PersonObject OrderIndex="49" PartyRelation="CONTRIBUTOR"><PartyName>Wera. Kapkajew</PartyName><Identifiers><Identifier>2000078001039</Identifier><Scope>TEL</Scope></Identifiers><FirstNames>Wera.</FirstNames><Surname>Kapkajew</Surname></PersonObject><PersonObject OrderIndex="50" PartyRelation="CONTRIBUTOR"><PartyName>Mieczysław Kieta</PartyName><Identifiers><Identifier>2000074303378</Identifier><Scope>TEL</Scope></Identifiers><Identifiers><Identifier>1000021694005</Identifier><Scope>TEL</Scope></Identifiers><LifePeriod><Start><Time>-1577923200000</Time><Granularity>YEAR</Granularity><Uncertain>false</Uncertain></Start><End><Time>441763200000</Time><Granularity>YEAR</Granularity><Uncertain>false</Uncertain></End></LifePeriod><FirstNames>Mieczysław</FirstNames><Surname>Kieta</Surname></PersonObject><PersonObject OrderIndex="57" PartyRelation="SUBJECT"><PartyName>Wiesław Kielar</PartyName><Identifiers><Identifier>1000016988941</Identifier><Scope>TEL</Scope></Identifiers><LifePeriod><Start><Time>-1609459200000</Time><Granularity>YEAR</Granularity><Uncertain>false</Uncertain></Start><End><Time>631152000000</Time><Granularity>YEAR</Granularity><Uncertain>false</Uncertain></End></LifePeriod><FirstNames>Wiesław</FirstNames><Surname>Kielar</Surname></PersonObject><EditionObject OrderIndex="53"><Statement>[22.-23. Tsd., ungekürzte Ausg.].</Statement></EditionObject><LinkObject FieldSource="TEL" LinkTarget="CATALOGUE_RECORD" OrderIndex="62"><Url>http://alpha.bn.org.pl/record=b1154054*pol</Url><LinkStatus>NOT_CHECKED</LinkStatus></LinkObject></MetadataRecord>
<MetadataRecord xmlns="http://theeuropeanlibrary.org/internal_object_model" ID="2000048757755"><BibliographicLevelObject OrderIndex="40">MONOGRAPH</BibliographicLevelObject><CatalogingFormObject OrderIndex="39">ISBD</CatalogingFormObject><TitleObject OrderIndex="44" TitleType="MAIN"><Title>The lands of partitioned Poland, 1795-1918</Title></TitleObject><IdentifierObject IdentifierType="LOCAL_IDENTIFIER" OrderIndex="30"><Identifier>b11541593</Identifier></IdentifierObject><IdentifierObject IdentifierType="OAIPMH" OrderIndex="32"><Identifier>urn:theeuropeanlibrary.org:a0232:b11541593</Identifier></IdentifierObject><IdentifierObject IdentifierType="LOCAL_IDENTIFIER" OrderIndex="42"><Identifier>b11541593</Identifier><Scope>a0232</Scope></IdentifierObject><IdentifierObject IdentifierType="ISBN" OrderIndex="43"><Identifier>0295953586</Identifier></IdentifierObject><IdentifierObject ContextLevel="RECORD" FieldSource="TEL" OrderIndex="59" PartyIdentifierType="TEL"><Identifier>1000020793122</Identifier><Scope>TEL</Scope></IdentifierObject><IdentifierObject ContextLevel="RECORD" FieldSource="TEL" OrderIndex="60" PartyIdentifierType="TEL"><Identifier>2000077676375</Identifier><Scope>TEL</Scope></IdentifierObject><IdentifierObject ContextLevel="RECORD" FieldSource="TEL" OrderIndex="61" PartyIdentifierType="TEL"><Identifier>2000077362048</Identifier><Scope>TEL</Scope></IdentifierObject><IdentifierObject ContextLevel="RECORD" FieldSource="TEL" OrderIndex="62" SpatialIdentifierType="TEL"><Identifier>1000011755368</Identifier><Scope>TEL</Scope></IdentifierObject><IdentifierObject ContextLevel="RECORD" FieldSource="TEL" OrderIndex="63" SpatialIdentifierType="TEL"><Identifier>1000005368670</Identifier><Scope>TEL</Scope></IdentifierObject><IllustrationsObject OrderIndex="37">ILLUSTRATIONS</IllustrationsObject><IllustrationsObject OrderIndex="38">NO_ILLUSTRATIONS</IllustrationsObject><SpatialEntityObject OrderIndex="52" SpatialRelation="PUBLICATION"><Identifiers><Identifier>US</Identifier><Scope>ISO3166</Scope></Identifiers></SpatialEntityObject><NamedPlaceObject OrderIndex="49" SpatialRelation="PUBLICATION"><Identifiers><Identifier>1000011755368</Identifier><Scope>TEL</Scope></Identifiers><PlaceName>Seattle ;</PlaceName></NamedPlaceObject><NamedPlaceObject OrderIndex="50" SpatialRelation="PUBLICATION"><Identifiers><Identifier>1000005368670</Identifier><Scope>TEL</Scope></Identifiers><PlaceName>London</PlaceName></NamedPlaceObject><NamedPlaceObject OrderIndex="53" SpatialRelation="SUBJECT"><PlaceName>Polska</PlaceName><Subject><ChronologicalSubdivision><Instant><Time>-61549459200000</Time><Granularity>MONTH</Granularity><Uncertain>false</Uncertain></Instant></ChronologicalSubdivision></Subject></NamedPlaceObject><PrintTypeObject OrderIndex="36">PRINTED</PrintTypeObject><ProvenanceObject OrderIndex="33"><CollectionId>a0232</CollectionId><ProviderId>P01214</ProviderId></ProvenanceObject><StatusObject OrderIndex="29">UPDATED</StatusObject><TextObject OrderIndex="54" TextRelation="FORMAT_UNCONTROLED"><Content>mapy ;</Content></TextObject><TextObject OrderIndex="55" TextRelation="EXTENT"><Content>XVII, [1] , 431 s. :</Content></TextObject><TextObject OrderIndex="56" TextRelation="EXTENT"><Content>24 cm.</Content></TextObject><TextObject OrderIndex="57" TextRelation="DESCRIPTION"><Content>Bibliogr. s. 381-411. - Indeks.</Content></TextObject><OrganizationObject OrderIndex="51" PartyRelation="PUBLISHER"><PartyName>Univ. of Washington Press</PartyName></OrganizationObject><LanguageObject LanguageRelation="LANGUAGE_OF_CONTENT" OrderIndex="47">ENG</LanguageObject><ResourceTypeObject OrderIndex="35">TEXT</ResourceTypeObject><AudienceObject OrderIndex="41">UNKNOW</AudienceObject><InstantObject OrderIndex="31" TemporalRelation="OP_LOADED"><Time>1358943240000</Time><Granularity>SECOND</Granularity><Uncertain>false</Uncertain></InstantObject><InstantObject OrderIndex="46" TemporalRelation="PUBLICATION"><Time>725846400000</Time><Granularity>YEAR</Granularity><Uncertain>false</Uncertain></InstantObject><MetadataObject FieldSource="PROVIDER" Format="marc21" OrderIndex="34"><record xmlns="info:lc/xmlns/marcxchange-v1"><leader>00936nam a2200289 i 4500</leader><controlfield tag="001">b11541593</controlfield><controlfield tag="008">981002s1993    xxua         |001 0 eng d</controlfield><datafield ind1=" " ind2=" " tag="020"><subfield code="a">0295953586</subfield></datafield><datafield ind1=" " ind2=" " tag="040"><subfield code="a">WA N</subfield><subfield code="c">WA N</subfield></datafield><datafield ind1="1" ind2=" " tag="100"><subfield code="a">Wandycz, Piotr S.</subfield><subfield code="d">(1923- ).</subfield></datafield><datafield ind1="1" ind2="4" tag="245"><subfield code="a">The lands of partitioned Poland, 1795-1918 /</subfield><subfield code="c">by Piotr S. Wandycz.</subfield></datafield><datafield ind1=" " ind2=" " tag="250"><subfield code="a">[3rd print.].</subfield></datafield><datafield ind1=" " ind2=" " tag="260"><subfield code="a">Seattle ;</subfield><subfield code="a">London :</subfield><subfield code="b">Univ. of Washington Press,</subfield><subfield code="c">1993.</subfield></datafield><datafield ind1=" " ind2=" " tag="300"><subfield code="a">XVII, [1] , 431 s. :</subfield><subfield code="b">mapy ;</subfield><subfield code="c">24 cm.</subfield></datafield><datafield ind1="1" ind2=" " tag="490"><subfield code="a">A History of East Central Europe ;</subfield><subfield code="v">vol. 7</subfield></datafield><datafield ind1=" " ind2=" " tag="504"><subfield code="a">Bibliogr. s. 381-411. - Indeks.</subfield></datafield><datafield ind1=" " ind2="4" tag="651"><subfield code="a">Polska</subfield><subfield code="y">18-20 w.</subfield></datafield><datafield ind1=" " ind2="2" tag="830"><subfield code="a">A History of East Central Europe ;</subfield><subfield code="v">vol. 7</subfield></datafield><datafield ind1=" " ind2=" " tag="902"><subfield code="a">121219</subfield><subfield code="c">981005</subfield><subfield code="d">m</subfield><subfield code="e">a</subfield><subfield code="f">-</subfield><subfield code="g">0</subfield></datafield><datafield ind1=" " ind2=" " tag="907"><subfield code="b">bk   </subfield><subfield code="c">-</subfield></datafield><datafield ind1=" " ind2=" " tag="920"><subfield code="a">0-295-95358-6 (pbk)</subfield></datafield><datafield ind1=" " ind2=" " tag="960"><subfield code="a">II 1.841.180 A</subfield><subfield code="c">bk   </subfield><subfield code="d">30001009535655</subfield><subfield code="h">1995 w 99/2</subfield><subfield code="i">Z 0,60</subfield><subfield code="k">1</subfield><subfield code="l">-</subfield><subfield code="o">0</subfield></datafield><datafield ind1=" " ind2=" " tag="996"><subfield code="a">.b11541593</subfield></datafield><datafield ind1=" " ind2=" " tag="998"><subfield code="a">ik</subfield><subfield code="a">o</subfield></datafield><datafield ind1=" " ind2=" " tag="999"><subfield code="a">JB</subfield><subfield code="b">js</subfield></datafield><datafield ind1=" " ind2=" " tag="999"><subfield code="a">sawi</subfield></datafield><datafield ind1=" " ind2=" " tag="999"><subfield code="a">ae</subfield></datafield></record>