</MetadataObject><PersonObject OrderIndex="45" PartyRelation="CREATOR"><PartyName>Piotr S. Wandycz</PartyName><Identifiers><Identifier>2000077362048</Identifier><Scope>TEL</Scope></Identifiers><Identifiers><Identifier>1000020793122</Identifier><Scope>TEL</Scope></Identifiers><Identifiers><Identifier>2000077676375</Identifier><Scope>TEL</Scope></Identifiers><LifePeriod><Start><Time>-1483228800000</Time><Granularity>YEAR</Granularity><Uncertain>false</Uncertain></Start></LifePeriod><FirstNames>Piotr S.</FirstNames><Surname>Wandycz</Surname></PersonObject><EditionObject OrderIndex="48"><Number>3</Number><Statement>[3rd print.].</Statement></EditionObject><LinkObject FieldSource="TEL" LinkTarget="CATALOGUE_RECORD" OrderIndex="58"><Url>http://alpha.bn.org.pl/record=b1154159*pol</Url><LinkStatus>NOT_CHECKED</LinkStatus></LinkObject></MetadataRecord>
<MetadataRecord xmlns="http://theeuropeanlibrary.org/internal_object_model" ID="2000048757745"><BibliographicLevelObject OrderIndex="40">MONOGRAPH</BibliographicLevelObject><CatalogingFormObject OrderIndex="39">ISBD</CatalogingFormObject><TitleObject OrderIndex="44" TitleType="MAIN"><Title>Zakład ogrodniczy C. Ulricha</Title></TitleObject><IdentifierObject IdentifierType="LOCAL_IDENTIFIER" OrderIndex="31"><Identifier>b11541490</Identifier></IdentifierObject><IdentifierObject IdentifierType="OAIPMH" OrderIndex="33"><Identifier>urn:theeuropeanlibrary.org:a0232:b11541490</Identifier></IdentifierObject><IdentifierObject IdentifierType="LOCAL_IDENTIFIER" OrderIndex="42"><Identifier>b11541490</Identifier><Scope>a0232</Scope></IdentifierObject><IdentifierObject ContextLevel="RECORD" FieldSource="TEL" OrderIndex="61" PartyIdentifierType="TEL"><Identifier>2000072916073</Identifier><Scope>TEL</Scope></IdentifierObject><IdentifierObject ContextLevel="RECORD" FieldSource="TEL" OrderIndex="62" PartyIdentifierType="TEL"><Identifier>1000016951715</Identifier><Scope>TEL</Scope></IdentifierObject><IdentifierObject ContextLevel="RECORD" FieldSource="TEL" OrderIndex="63" PartyIdentifierType="TEL"><Identifier>1000021800275</Identifier><Scope>TEL</Scope></IdentifierObject><IdentifierObject ContextLevel="RECORD" FieldSource="TEL" OrderIndex="64" PartyIdentifierType="TEL"><Identifier>1000001630680</Identifier><Scope>TEL</Scope></IdentifierObject><IdentifierObject ContextLevel="RECORD" FieldSource="TEL" OrderIndex="65" PartyIdentifierType="TEL"><Identifier>1000015817110</Identifier><Scope>TEL</Scope></IdentifierObject><IdentifierObject ContextLevel="RECORD" FieldSource="TEL" OrderIndex="66" SpatialIdentifierType="TEL"><Identifier>1000001587202</Identifier><Scope>TEL</Scope></IdentifierObject><IdentifierObject ContextLevel="CONTENT" FieldSource="TEL" OrderIndex="67" SpatialIdentifierType="TEL"><Identifier>1000001587202</Identifier><Scope>TEL</Scope></IdentifierObject><IllustrationsObject OrderIndex="38">NO_ILLUSTRATIONS</IllustrationsObject><SpatialEntityObject OrderIndex="50" SpatialRelation="PUBLICATION"><Identifiers><Identifier>PL</Identifier><Scope>ISO3166</Scope></Identifiers></SpatialEntityObject><NamedPlaceObject OrderIndex="48" SpatialRelation="PUBLICATION"><Identifiers><Identifier>1000001587202</Identifier><Scope>TEL</Scope></Identifiers><PlaceName>Warszawa</PlaceName></NamedPlaceObject><NamedPlaceObject OrderIndex="53" SpatialRelation="SUBJECT"><Identifiers><Identifier>1000001587202</Identifier><Scope>TEL</Scope></Identifiers><PlaceName>Warszawa</PlaceName><Subject><GeneralSubdivision>rolnictwo</GeneralSubdivision><ChronologicalSubdivision><Instant><Time>-61567776000000</Time><Granularity>YEAR</Granularity><Uncertain>false</Uncertain></Instant></ChronologicalSubdivision></Subject></NamedPlaceObject><PrintTypeObject OrderIndex="37">PRINTED</PrintTypeObject><ProvenanceObject OrderIndex="34"><CollectionId>a0232</CollectionId><ProviderId>P01214</ProviderId></ProvenanceObject><StatusObject OrderIndex="30">UPDATED</StatusObject><TextObject OrderIndex="54" TextRelation="EXTENT"><Content>S. [1], 26-27, [1], 50-51, 76-78, [1], 98-99, [1] k. tabl. ;</Content></TextObject><TextObject OrderIndex="55" TextRelation="EXTENT"><Content>23 cm.</Content></TextObject><TextObject NoteType="GENERAL" OrderIndex="56" TextRelation="NOTE"><Content>Wyc.: Ogrodnik Polski nr 2-5 Warszawa 1885.</Content></TextObject><TextObject NoteType="GENERAL" OrderIndex="57" TextRelation="NOTE"><Content>Nazwa aut. pod tekstem.</Content></TextObject><TextObject NoteType="GENERAL" OrderIndex="58" TextRelation="NOTE"><Content>Opis wg nagł.</Content></TextObject><TextObject NoteType="GENERAL" OrderIndex="59" TextRelation="NOTE"><Content>Kat. Kras. hasło: Miscellanea do hist. Zakł. Ogrodn. Ulrychowskiego.</Content></TextObject><OrganizationObject OrderIndex="49" PartyRelation="PUBLISHER"><PartyName>s. n.</PartyName></OrganizationObject><OrganizationObject OrderIndex="51" PartyRelation="SUBJECT"><PartyName>Zakład Ogrodniczy C. Ulrycha (Warszawa)</PartyName><Subject/></OrganizationObject><LanguageObject LanguageRelation="LANGUAGE_OF_CONTENT" OrderIndex="47">POL</LanguageObject><ResourceTypeObject OrderIndex="36">TEXT</ResourceTypeObject><TopicObject OrderIndex="52"><ChronologicalSubdivision><Instant><Time>-61567776000000</Time><Granularity>YEAR</Granularity><Uncertain>false</Uncertain></Instant></ChronologicalSubdivision><GeographicSubdivision><NamedPlace><PlaceName>Polska</PlaceName></NamedPlace></GeographicSubdivision><TopicName>Ogrodnictwo</TopicName></TopicObject><AudienceObject OrderIndex="41">UNKNOW</AudienceObject><InstantObject OrderIndex="32" TemporalRelation="OP_LOADED"><Time>1358943240000</Time><Granularity>SECOND</Granularity><Uncertain>false</Uncertain></InstantObject><InstantObject OrderIndex="46" TemporalRelation="PUBLICATION"><Time>-2682288000000</Time><Granularity>YEAR</Granularity><Uncertain>false</Uncertain></InstantObject><MetadataObject FieldSource="PROVIDER" Format="marc21" OrderIndex="35"><record xmlns="info:lc/xmlns/marcxchange-v1"><leader>01120nam a2200289 i 4500</leader><controlfield tag="001">b11541490</controlfield><controlfield tag="008">981002s1885    pl           |000 0 pol  </controlfield><datafield ind1=" " ind2=" " tag="040"><subfield code="a">WA N</subfield><subfield code="c">WA N</subfield></datafield><datafield ind1="1" ind2=" " tag="100"><subfield code="a">Jankowski, Edmund</subfield><subfield code="d">(1849-1938).</subfield></datafield><datafield ind1="1" ind2="0" tag="245"><subfield code="a">Zakład ogrodniczy C. Ulricha /</subfield><subfield code="c">[E. Jankowski].</subfield></datafield><datafield ind1=" " ind2=" " tag="260"><subfield code="a">[Warszawa :</subfield><subfield code="b">s. n.,</subfield><subfield code="c">1885]</subfield><subfield code="e">([s. l. :</subfield><subfield code="f">s. n.]).</subfield></datafield><datafield ind1=" " ind2=" " tag="300"><subfield code="a">S. [1], 26-27, [1], 50-51, 76-78, [1], 98-99, [1] k. tabl. ;</subfield><subfield code="c">23 cm.</subfield></datafield><datafield ind1=" " ind2=" " tag="500"><subfield code="a">Wyc.: Ogrodnik Polski nr 2-5 Warszawa 1885.</subfield></datafield><datafield ind1=" " ind2=" " tag="500"><subfield code="a">Nazwa aut. pod tekstem.</subfield></datafield><datafield ind1=" " ind2=" " tag="500"><subfield code="a">Opis wg nagł.</subfield></datafield><datafield ind1=" " ind2=" " tag="500"><subfield code="a">Kat. Kras. hasło: Miscellanea do hist. Zakł. Ogrodn. Ulrychowskiego.</subfield></datafield><datafield ind1="2" ind2="4" tag="610"><subfield code="a">Zakład Ogrodniczy C. Ulrycha (Warszawa)</subfield></datafield><datafield ind1=" " ind2="4" tag="650"><subfield code="a">Ogrodnictwo</subfield><subfield code="z">Polska</subfield><subfield code="y">19 w.</subfield></datafield><datafield ind1=" " ind2="4" tag="651"><subfield code="a">Warszawa</subfield><subfield code="x">rolnictwo</subfield><subfield code="y">19 w.</subfield></datafield><datafield ind1="4" ind2="1" tag="856"><subfield code="u">http://www.polona.pl/dlibra/doccontent2?id=38254</subfield><subfield code="z">Reprodukcja cyfrowa w cBN Polona</subfield></datafield><datafield ind1=" " ind2=" " tag="902"><subfield code="a">121211</subfield><subfield code="c">981005</subfield><subfield code="d">m</subfield><subfield code="e">a</subfield><subfield code="f">-</subfield><subfield code="g">0</subfield></datafield><datafield ind1=" " ind2=" " tag="907"><subfield code="b">multi</subfield><subfield code="c">-</subfield></datafield><datafield ind1=" " ind2=" " tag="960"><subfield code="c">zdj  </subfield><subfield code="i">Z 0,00</subfield><subfield code="l">-</subfield><subfield code="o">24</subfield><subfield code="x">cbn-eg</subfield></datafield><datafield ind1=" " ind2=" " tag="960"><subfield code="a">II 2.029.950</subfield><subfield code="c">bk   </subfield><subfield code="d">30001014283107</subfield><subfield code="h">Kras. 34726</subfield><subfield code="i">Z 150,00</subfield><subfield code="l">-</subfield><subfield code="o">1</subfield></datafield><datafield ind1=" " ind2=" " tag="996"><subfield code="a">.b11541490</subfield></datafield><datafield ind1=" " ind2=" " tag="998"><subfield code="a">ik</subfield><subfield code="a">o</subfield></datafield><datafield ind1=" " ind2=" " tag="999"><subfield code="a">as</subfield><subfield code="b">zb</subfield><subfield code="b">bm</subfield></datafield></record>