</MetadataObject><PersonObject OrderIndex="45" PartyRelation="CREATOR"><PartyName>Edmund Jankowski</PartyName><Identifiers><Identifier>1000021800275</Identifier><Scope>TEL</Scope></Identifiers><Identifiers><Identifier>1000001630680</Identifier><Scope>TEL</Scope></Identifiers><Identifiers><Identifier>1000015817110</Identifier><Scope>TEL</Scope></Identifiers><Identifiers><Identifier>1000016951715</Identifier><Scope>TEL</Scope></Identifiers><Identifiers><Identifier>2000072916073</Identifier><Scope>TEL</Scope></Identifiers><LifePeriod><Start><Time>-3818361600000</Time><Granularity>YEAR</Granularity><Uncertain>false</Uncertain></Start><End><Time>-1009843200000</Time><Granularity>YEAR</Granularity><Uncertain>false</Uncertain></End></LifePeriod><FirstNames>Edmund</FirstNames><Surname>Jankowski</Surname></PersonObject><LinkObject LinkTarget="DIGITAL_OBJECT" OrderIndex="43"><Url>http://www.polona.pl/dlibra/doccontent2?id=38254</Url><LinkStatus>NOT_CHECKED</LinkStatus></LinkObject><LinkObject FieldSource="TEL" LinkTarget="CATALOGUE_RECORD" OrderIndex="60"><Url>http://alpha.bn.org.pl/record=b1154149*pol</Url><LinkStatus>NOT_CHECKED</LinkStatus></LinkObject></MetadataRecord>
<MetadataRecord xmlns="http://theeuropeanlibrary.org/internal_object_model" ID="2000048757699"><BibliographicLevelObject OrderIndex="38">MONOGRAPH</BibliographicLevelObject><CatalogingFormObject OrderIndex="37">ISBD</CatalogingFormObject><TitleObject OrderIndex="42" TitleType="MAIN"><Title>The dawn of liberation</Title><SubTitle>war speeches</SubTitle></TitleObject><IdentifierObject IdentifierType="LOCAL_IDENTIFIER" OrderIndex="29"><Identifier>b11541039</Identifier></IdentifierObject><IdentifierObject IdentifierType="OAIPMH" OrderIndex="31"><Identifier>urn:theeuropeanlibrary.org:a0232:b11541039</Identifier></IdentifierObject><IdentifierObject IdentifierType="LOCAL_IDENTIFIER" OrderIndex="40"><Identifier>b11541039</Identifier><Scope>a0232</Scope></IdentifierObject><IdentifierObject ContextLevel="RECORD" FieldSource="TEL" OrderIndex="57" PartyIdentifierType="TEL"><Identifier>3000004405915</Identifier><Scope>TEL</Scope></IdentifierObject><IdentifierObject ContextLevel="RECORD" FieldSource="TEL" OrderIndex="58" PartyIdentifierType="TEL"><Identifier>1000020678166</Identifier><Scope>TEL</Scope></IdentifierObject><IdentifierObject ContextLevel="RECORD" FieldSource="TEL" OrderIndex="59" PartyIdentifierType="TEL"><Identifier>2000077493559</Identifier><Scope>TEL</Scope></IdentifierObject><IdentifierObject ContextLevel="RECORD" FieldSource="TEL" OrderIndex="60" PartyIdentifierType="TEL"><Identifier>1000022206824</Identifier><Scope>TEL</Scope></IdentifierObject><IdentifierObject ContextLevel="RECORD" FieldSource="TEL" OrderIndex="61" PartyIdentifierType="TEL"><Identifier>1000013665452</Identifier><Scope>TEL</Scope></IdentifierObject><IdentifierObject ContextLevel="RECORD" FieldSource="TEL" OrderIndex="62" PartyIdentifierType="TEL"><Identifier>1000022015137</Identifier><Scope>TEL</Scope></IdentifierObject><IdentifierObject ContextLevel="RECORD" FieldSource="TEL" OrderIndex="63" PartyIdentifierType="TEL"><Identifier>3000003316335</Identifier><Scope>TEL</Scope></IdentifierObject><IdentifierObject ContextLevel="RECORD" FieldSource="TEL" OrderIndex="64" PartyIdentifierType="TEL"><Identifier>3000004380932</Identifier><Scope>TEL</Scope></IdentifierObject><IdentifierObject ContextLevel="RECORD" FieldSource="TEL" OrderIndex="65" PartyIdentifierType="TEL"><Identifier>1000021468766</Identifier><Scope>TEL</Scope></IdentifierObject><IdentifierObject ContextLevel="RECORD" FieldSource="TEL" OrderIndex="66" PartyIdentifierType="TEL"><Identifier>1000016482223</Identifier><Scope>TEL</Scope></IdentifierObject><IdentifierObject ContextLevel="RECORD" FieldSource="TEL" OrderIndex="67" SpatialIdentifierType="TEL"><Identifier>1000009982127</Identifier><Scope>TEL</Scope></IdentifierObject><IdentifierObject ContextLevel="CONTENT" FieldSource="TEL" OrderIndex="68" SpatialIdentifierType="TEL"><Identifier>1000005351636</Identifier><Scope>TEL</Scope></IdentifierObject><IllustrationsObject OrderIndex="36">NO_ILLUSTRATIONS</IllustrationsObject><SpatialEntityObject OrderIndex="49" SpatialRelation="PUBLICATION"><Identifiers><Identifier>US</Identifier><Scope>ISO3166</Scope></Identifiers></SpatialEntityObject><NamedPlaceObject OrderIndex="47" SpatialRelation="PUBLICATION"><Identifiers><Identifier>1000009982127</Identifier><Scope>TEL</Scope></Identifiers><PlaceName>Boston</PlaceName></NamedPlaceObject><PrintTypeObject OrderIndex="35">PRINTED</PrintTypeObject><ProvenanceObject OrderIndex="32"><CollectionId>a0232</CollectionId><ProviderId>P01214</ProviderId></ProvenanceObject><StatusObject OrderIndex="28">UPDATED</StatusObject><TextObject OrderIndex="41" TextRelation="STATEMENT_OF_RESPONSIBILITY"><Content>by Winston S. Churchill ; comp. by Charles Eade.</Content></TextObject><TextObject OrderIndex="54" TextRelation="EXTENT"><Content>XIII, [1], 417 s. ;</Content></TextObject><TextObject OrderIndex="55" TextRelation="EXTENT"><Content>21 cm.</Content></TextObject><OrganizationObject OrderIndex="48" PartyRelation="PUBLISHER"><PartyName>Little, Brown</PartyName></OrganizationObject><LanguageObject LanguageRelation="LANGUAGE_OF_CONTENT" OrderIndex="46">ENG</LanguageObject><ResourceTypeObject OrderIndex="34">TEXT</ResourceTypeObject><TopicObject OrderIndex="50"><ChronologicalSubdivision><Instant><Time>-931050000000</Time><Granularity>MONTH</Granularity><Uncertain>false</Uncertain></Instant></ChronologicalSubdivision><TopicName>Polityka międzynarodowa</TopicName></TopicObject><TopicObject OrderIndex="51"><GeographicSubdivision><NamedPlace><Identifiers><Identifier>1000005351636</Identifier><Scope>TEL</Scope></Identifiers><PlaceName>Wielka Brytania</PlaceName></NamedPlace></GeographicSubdivision><TopicName>Wojna 1939-1945 r.</TopicName></TopicObject><TopicObject OrderIndex="52"><ChronologicalSubdivision><Instant><Time>-931050000000</Time><Granularity>MONTH</Granularity><Uncertain>false</Uncertain></Instant></ChronologicalSubdivision><TopicName>Mowy angielskie</TopicName></TopicObject><TopicObject OrderIndex="53"><TopicName>Źródła historyczne</TopicName></TopicObject><AudienceObject OrderIndex="39">UNKNOW</AudienceObject><InstantObject OrderIndex="30" TemporalRelation="OP_LOADED"><Time>1358943240000</Time><Granularity>SECOND</Granularity><Uncertain>false</Uncertain></InstantObject><InstantObject OrderIndex="45" TemporalRelation="PUBLICATION"><Time>-788922000000</Time><Granularity>YEAR</Granularity><Uncertain>false</Uncertain></InstantObject><MetadataObject FieldSource="PROVIDER" Format="marc21" OrderIndex="33"><record xmlns="info:lc/xmlns/marcxchange-v1"><leader>00885nam a2200265 i 4500</leader><controlfield tag="001">b11541039</controlfield><controlfield tag="008">981002s1945    xxu          |000 0 eng  </controlfield><datafield ind1=" " ind2=" " tag="040"><subfield code="a">WA N</subfield><subfield code="c">WA N</subfield></datafield><datafield ind1="1" ind2=" " tag="100"><subfield code="a">Churchill, Winston</subfield><subfield code="d">(1874-1965).</subfield></datafield><datafield ind1="0" ind2="4" tag="245"><subfield code="a">The dawn of liberation :</subfield><subfield code="b">war speeches /</subfield><subfield code="c">by Winston S. Churchill ; comp. by Charles Eade.</subfield></datafield><datafield ind1=" " ind2=" " tag="260"><subfield code="a">Boston :</subfield><subfield code="b">Little, Brown,</subfield><subfield code="c">1945.</subfield></datafield><datafield ind1=" " ind2=" " tag="300"><subfield code="a">XIII, [1], 417 s. ;</subfield><subfield code="c">21 cm.</subfield></datafield><datafield ind1=" " ind2="4" tag="650"><subfield code="a">Polityka międzynarodowa</subfield><subfield code="y">1939-1945 r.</subfield></datafield><datafield ind1=" " ind2="4" tag="650"><subfield code="a">Wojna 1939-1945 r.</subfield><subfield code="z">Wielka Brytania</subfield></datafield><datafield ind1=" " ind2="4" tag="655"><subfield code="a">Mowy angielskie</subfield><subfield code="y">1939-1945 r.</subfield></datafield><datafield ind1=" " ind2="4" tag="655"><subfield code="a">Źródła historyczne</subfield></datafield><datafield ind1="1" ind2=" " tag="700"><subfield code="a">Eade, Charles</subfield><subfield code="d">(1903- ).</subfield><subfield code="e">Oprac.</subfield></datafield><datafield ind1=" " ind2=" " tag="902"><subfield code="a">121211</subfield><subfield code="c">981005</subfield><subfield code="d">m</subfield><subfield code="e">a</subfield><subfield code="f">-</subfield><subfield code="g">0</subfield></datafield><datafield ind1=" " ind2=" " tag="907"><subfield code="b">bk   </subfield><subfield code="c">-</subfield></datafield><datafield ind1=" " ind2=" " tag="960"><subfield code="a">II 1.513.039</subfield><subfield code="c">bk   </subfield><subfield code="d">30001008519281</subfield><subfield code="h">1995 w 138/1</subfield><subfield code="i">Z 0,18</subfield><subfield code="k">3</subfield><subfield code="l">-</subfield><subfield code="o">1</subfield></datafield><datafield ind1=" " ind2=" " tag="996"><subfield code="a">.b11541039</subfield></datafield><datafield ind1=" " ind2=" " tag="998"><subfield code="a">ik</subfield><subfield code="a">o</subfield></datafield><datafield ind1=" " ind2=" " tag="999"><subfield code="a">ja</subfield><subfield code="b">hg</subfield></datafield><datafield ind1=" " ind2=" " tag="999"><subfield code="a">anno</subfield><subfield code="a">sawi</subfield></datafield><datafield ind1=" " ind2=" " tag="999"><subfield code="a">ae</subfield></datafield></record>