</MetadataObject><PersonObject OrderIndex="43" PartyRelation="CREATOR"><PartyName>Winston Churchill</PartyName><Identifiers><Identifier>3000003316335</Identifier><Scope>TEL</Scope></Identifiers><Identifiers><Identifier>1000021468766</Identifier><Scope>TEL</Scope></Identifiers><Identifiers><Identifier>2000077493559</Identifier><Scope>TEL</Scope></Identifiers><Identifiers><Identifier>1000022206824</Identifier><Scope>TEL</Scope></Identifiers><Identifiers><Identifier>1000020678166</Identifier><Scope>TEL</Scope></Identifiers><Identifiers><Identifier>3000004405915</Identifier><Scope>TEL</Scope></Identifiers><Identifiers><Identifier>1000016482223</Identifier><Scope>TEL</Scope></Identifiers><Identifiers><Identifier>1000013665452</Identifier><Scope>TEL</Scope></Identifiers><LifePeriod><Start><Time>-3029443200000</Time><Granularity>YEAR</Granularity><Uncertain>false</Uncertain></Start><End><Time>-157766400000</Time><Granularity>YEAR</Granularity><Uncertain>false</Uncertain></End></LifePeriod><FirstNames>Winston</FirstNames><Surname>Churchill</Surname></PersonObject><PersonObject OrderIndex="44" PartyRelation="CONTRIBUTOR"><PartyName>Charles Eade</PartyName><Identifiers><Identifier>1000022015137</Identifier><Scope>TEL</Scope></Identifiers><Identifiers><Identifier>3000004380932</Identifier><Scope>TEL</Scope></Identifiers><LifePeriod><Start><Time>-2114380800000</Time><Granularity>YEAR</Granularity><Uncertain>false</Uncertain></Start></LifePeriod><FirstNames>Charles</FirstNames><Surname>Eade</Surname></PersonObject><LinkObject FieldSource="TEL" LinkTarget="CATALOGUE_RECORD" OrderIndex="56"><Url>http://alpha.bn.org.pl/record=b1154103*pol</Url><LinkStatus>NOT_CHECKED</LinkStatus></LinkObject></MetadataRecord>
<MetadataRecord xmlns="http://theeuropeanlibrary.org/internal_object_model" ID="2000048756782"><BibliographicLevelObject OrderIndex="41">MONOGRAPH</BibliographicLevelObject><CatalogingFormObject OrderIndex="40">ISBD</CatalogingFormObject><TitleObject OrderIndex="46" TitleType="MAIN"><Title>M. K. Čiurlionis</Title><SubTitle>kūrėjas ir žmogus</SubTitle></TitleObject><IdentifierObject IdentifierType="LOCAL_IDENTIFIER" OrderIndex="32"><Identifier>b11531770</Identifier></IdentifierObject><IdentifierObject IdentifierType="OAIPMH" OrderIndex="34"><Identifier>urn:theeuropeanlibrary.org:a0232:b11531770</Identifier></IdentifierObject><IdentifierObject IdentifierType="LOCAL_IDENTIFIER" OrderIndex="43"><Identifier>b11531770</Identifier><Scope>a0232</Scope></IdentifierObject><IdentifierObject IdentifierType="ISBN" OrderIndex="44"><Identifier>5790006884</Identifier></IdentifierObject><IdentifierObject ContextLevel="RECORD" FieldSource="TEL" OrderIndex="63" PartyIdentifierType="TEL"><Identifier>1000005803595</Identifier><Scope>TEL</Scope></IdentifierObject><IdentifierObject ContextLevel="RECORD" FieldSource="TEL" OrderIndex="64" PartyIdentifierType="TEL"><Identifier>1000020937349</Identifier><Scope>TEL</Scope></IdentifierObject><IdentifierObject ContextLevel="RECORD" FieldSource="TEL" OrderIndex="65" PartyIdentifierType="TEL"><Identifier>3000002493693</Identifier><Scope>TEL</Scope></IdentifierObject><IdentifierObject ContextLevel="CONTENT" FieldSource="TEL" OrderIndex="66" PartyIdentifierType="TEL"><Identifier>1000022252130</Identifier><Scope>TEL</Scope></IdentifierObject><IdentifierObject ContextLevel="RECORD" FieldSource="TEL" OrderIndex="67" SpatialIdentifierType="TEL"><Identifier>1000001258865</Identifier><Scope>TEL</Scope></IdentifierObject><IllustrationsObject OrderIndex="39">NO_ILLUSTRATIONS</IllustrationsObject><SpatialEntityObject OrderIndex="53" SpatialRelation="PUBLICATION"><Identifiers><Identifier>LT</Identifier><Scope>ISO3166</Scope></Identifiers></SpatialEntityObject><NamedPlaceObject OrderIndex="51" SpatialRelation="PUBLICATION"><Identifiers><Identifier>1000001258865</Identifier><Scope>TEL</Scope></Identifiers><PlaceName>Vilnius</PlaceName></NamedPlaceObject><PrintTypeObject OrderIndex="38">PRINTED</PrintTypeObject><ProvenanceObject OrderIndex="35"><CollectionId>a0232</CollectionId><ProviderId>P01214</ProviderId></ProvenanceObject><StatusObject OrderIndex="31">UPDATED</StatusObject><TextObject OrderIndex="45" TextRelation="STATEMENT_OF_RESPONSIBILITY"><Content>Stasys Yla.</Content></TextObject><TextObject OrderIndex="58" TextRelation="EXTENT"><Content>399, [1] s., [48] s. tabl. : fot., portr., reprod. ;</Content></TextObject><TextObject OrderIndex="59" TextRelation="EXTENT"><Content>21 cm.</Content></TextObject><TextObject NoteType="GENERAL" OrderIndex="60" TextRelation="NOTE"><Content>Dot. m. in. pobytu w Polsce.</Content></TextObject><TextObject OrderIndex="61" TextRelation="DESCRIPTION"><Content>Bibliogr. s. 370-379. - Indeks.</Content></TextObject><OrganizationObject OrderIndex="52" PartyRelation="PUBLISHER"><PartyName>”Vyturys“</PartyName></OrganizationObject><LanguageObject LanguageRelation="LANGUAGE_OF_CONTENT" OrderIndex="49">LIT</LanguageObject><ResourceTypeObject OrderIndex="37">TEXT</ResourceTypeObject><TopicObject OrderIndex="55"><ChronologicalSubdivision><Instant><Time>-61517836800000</Time><Granularity>MONTH</Granularity><Uncertain>false</Uncertain></Instant></ChronologicalSubdivision><TopicName>Malarze litewscy</TopicName></TopicObject><TopicObject OrderIndex="56"><ChronologicalSubdivision><Instant><Time>-61517836800000</Time><Granularity>MONTH</Granularity><Uncertain>false</Uncertain></Instant></ChronologicalSubdivision><TopicName>Kompozytorzy litewscy</TopicName></TopicObject><TopicObject OrderIndex="57"><TopicName>Biografie</TopicName></TopicObject><AudienceObject OrderIndex="42">UNKNOW</AudienceObject><InstantObject OrderIndex="33" TemporalRelation="OP_LOADED"><Time>1358943214000</Time><Granularity>SECOND</Granularity><Uncertain>false</Uncertain></InstantObject><InstantObject OrderIndex="48" TemporalRelation="PUBLICATION"><Time>694224000000</Time><Granularity>YEAR</Granularity><Uncertain>false</Uncertain></InstantObject><MetadataObject FieldSource="PROVIDER" Format="marc21" OrderIndex="36"><record xmlns="info:lc/xmlns/marcxchange-v1"><leader>01100nam a2200349 i 4500</leader><controlfield tag="001">b11531770</controlfield><controlfield tag="008">981002s1992    li           |001 0 lit d</controlfield><datafield ind1=" " ind2=" " tag="020"><subfield code="a">5790006884</subfield></datafield><datafield ind1=" " ind2=" " tag="040"><subfield code="a">WA N</subfield><subfield code="c">WA N</subfield></datafield><datafield ind1="1" ind2=" " tag="100"><subfield code="a">Yla, Stasys.</subfield></datafield><datafield ind1="1" ind2="0" tag="245"><subfield code="a">M. K. Čiurlionis :</subfield><subfield code="b">kūrėjas ir žmogus /</subfield><subfield code="c">Stasys Yla.</subfield></datafield><datafield ind1=" " ind2=" " tag="250"><subfield code="a">[2-asis leid.].</subfield></datafield><datafield ind1=" " ind2=" " tag="260"><subfield code="a">Vilnius :</subfield><subfield code="b">”Vyturys“,</subfield><subfield code="c">1992.</subfield></datafield><datafield ind1=" " ind2=" " tag="300"><subfield code="a">399, [1] s., [48] s. tabl. : fot., portr., reprod. ;</subfield><subfield code="c">21 cm.</subfield></datafield><datafield ind1="1" ind2=" " tag="490"><subfield code="a">Siluetai</subfield></datafield><datafield ind1=" " ind2=" " tag="500"><subfield code="a">Dot. m. in. pobytu w Polsce.</subfield></datafield><datafield ind1=" " ind2=" " tag="504"><subfield code="a">Bibliogr. s. 370-379. - Indeks.</subfield></datafield><datafield ind1="1" ind2="4" tag="600"><subfield code="a">Čiurlionis, Mikalojus Konstantinas</subfield><subfield code="d">(1875-1911)</subfield></datafield><datafield ind1=" " ind2="4" tag="650"><subfield code="a">Malarze litewscy</subfield><subfield code="y">19-20 w.</subfield></datafield><datafield ind1=" " ind2="4" tag="650"><subfield code="a">Kompozytorzy litewscy</subfield><subfield code="y">19-20 w.</subfield></datafield><datafield ind1=" " ind2="4" tag="655"><subfield code="a">Biografie</subfield></datafield><datafield ind1=" " ind2="0" tag="830"><subfield code="a">Siluetai</subfield></datafield><datafield ind1=" " ind2=" " tag="902"><subfield code="a">121219</subfield><subfield code="c">981005</subfield><subfield code="d">m</subfield><subfield code="e">a</subfield><subfield code="f">-</subfield><subfield code="g">0</subfield></datafield><datafield ind1=" " ind2=" " tag="907"><subfield code="b">bk   </subfield><subfield code="c">-</subfield></datafield><datafield ind1=" " ind2=" " tag="920"><subfield code="a">5-7900-0688-4</subfield></datafield><datafield ind1=" " ind2=" " tag="960"><subfield code="a">II 1.702.353</subfield><subfield code="c">bk   </subfield><subfield code="d">30001005174380</subfield><subfield code="h">1993 w 519/24</subfield><subfield code="i">Z 0,20</subfield><subfield code="k">2</subfield><subfield code="l">-</subfield><subfield code="o">1</subfield></datafield><datafield ind1=" " ind2=" " tag="960"><subfield code="a">II 1.357.510 A</subfield><subfield code="c">bk   </subfield><subfield code="h">1993 w 96/25</subfield><subfield code="i">Z 0,00</subfield><subfield code="l">-</subfield><subfield code="o">0</subfield></datafield><datafield ind1=" " ind2=" " tag="996"><subfield code="a">.b11531770</subfield></datafield><datafield ind1=" " ind2=" " tag="998"><subfield code="a">ik</subfield><subfield code="a">o</subfield></datafield><datafield ind1=" " ind2=" " tag="999"><subfield code="a">JB</subfield><subfield code="b">js</subfield></datafield><datafield ind1=" " ind2=" " tag="999"><subfield code="a">wakl</subfield></datafield><datafield ind1=" " ind2=" " tag="999"><subfield code="a">mb</subfield></datafield></record>