</MetadataObject><PersonObject OrderIndex="47" PartyRelation="CREATOR"><PartyName>Stasys. Yla</PartyName><Identifiers><Identifier>1000020937349</Identifier><Scope>TEL</Scope></Identifiers><Identifiers><Identifier>3000002493693</Identifier><Scope>TEL</Scope></Identifiers><Identifiers><Identifier>1000005803595</Identifier><Scope>TEL</Scope></Identifiers><FirstNames>Stasys.</FirstNames><Surname>Yla</Surname></PersonObject><PersonObject OrderIndex="54" PartyRelation="SUBJECT"><PartyName>Mikalojus Konstantinas Čiurlionis</PartyName><Identifiers><Identifier>1000022252130</Identifier><Scope>TEL</Scope></Identifiers><LifePeriod><Start><Time>-2997907200000</Time><Granularity>YEAR</Granularity><Uncertain>false</Uncertain></Start><End><Time>-1861920000000</Time><Granularity>YEAR</Granularity><Uncertain>false</Uncertain></End></LifePeriod><FirstNames>Mikalojus Konstantinas</FirstNames><Surname>Čiurlionis</Surname></PersonObject><EditionObject OrderIndex="50"><Number>2</Number><Statement>[2-asis leid.].</Statement></EditionObject><LinkObject FieldSource="TEL" LinkTarget="CATALOGUE_RECORD" OrderIndex="62"><Url>http://alpha.bn.org.pl/record=b1153177*pol</Url><LinkStatus>NOT_CHECKED</LinkStatus></LinkObject></MetadataRecord>
<MetadataRecord xmlns="http://theeuropeanlibrary.org/internal_object_model" ID="2000048756773"><BibliographicLevelObject OrderIndex="37">MONOGRAPH</BibliographicLevelObject><CatalogingFormObject OrderIndex="36">ISBD</CatalogingFormObject><TitleObject OrderIndex="41" TitleType="MAIN"><Title>Imperiet</Title></TitleObject><TitleObject OrderIndex="42" TitleType="ALTERNATIVE"><Title>Imperium</Title></TitleObject><IdentifierObject IdentifierType="LOCAL_IDENTIFIER" OrderIndex="28"><Identifier>b1153168x</Identifier></IdentifierObject><IdentifierObject IdentifierType="OAIPMH" OrderIndex="30"><Identifier>urn:theeuropeanlibrary.org:a0232:b1153168x</Identifier></IdentifierObject><IdentifierObject IdentifierType="LOCAL_IDENTIFIER" OrderIndex="39"><Identifier>b1153168x</Identifier><Scope>a0232</Scope></IdentifierObject><IdentifierObject IdentifierType="ISBN" OrderIndex="40"><Identifier>8203200214</Identifier></IdentifierObject><IdentifierObject ContextLevel="RECORD" FieldSource="TEL" OrderIndex="55" PartyIdentifierType="TEL"><Identifier>1000020615947</Identifier><Scope>TEL</Scope></IdentifierObject><IdentifierObject ContextLevel="RECORD" FieldSource="TEL" OrderIndex="56" PartyIdentifierType="TEL"><Identifier>1000021584689</Identifier><Scope>TEL</Scope></IdentifierObject><IdentifierObject ContextLevel="RECORD" FieldSource="TEL" OrderIndex="57" SpatialIdentifierType="TEL"><Identifier>1000006366607</Identifier><Scope>TEL</Scope></IdentifierObject><IllustrationsObject OrderIndex="35">NO_ILLUSTRATIONS</IllustrationsObject><SpatialEntityObject OrderIndex="49" SpatialRelation="PUBLICATION"><Identifiers><Identifier>NO</Identifier><Scope>ISO3166</Scope></Identifiers></SpatialEntityObject><NamedPlaceObject OrderIndex="47" SpatialRelation="PUBLICATION"><Identifiers><Identifier>1000006366607</Identifier><Scope>TEL</Scope></Identifiers><PlaceName>Oslo</PlaceName></NamedPlaceObject><NamedPlaceObject OrderIndex="50" SpatialRelation="SUBJECT"><PlaceName>ZSRR</PlaceName><Subject><ChronologicalSubdivision><Instant><Time>-741747600000</Time><Granularity>MONTH</Granularity><Uncertain>false</Uncertain></Instant></ChronologicalSubdivision></Subject></NamedPlaceObject><PrintTypeObject OrderIndex="34">PRINTED</PrintTypeObject><ProvenanceObject OrderIndex="31"><CollectionId>a0232</CollectionId><ProviderId>P01214</ProviderId></ProvenanceObject><StatusObject OrderIndex="27">UPDATED</StatusObject><TextObject OrderIndex="52" TextRelation="EXTENT"><Content>283, [2] s. ;</Content></TextObject><TextObject OrderIndex="53" TextRelation="EXTENT"><Content>22 cm.</Content></TextObject><OrganizationObject OrderIndex="48" PartyRelation="PUBLISHER"><PartyName>Aschehoug</PartyName><Identifiers><Identifier>1000020615947</Identifier><Scope>TEL</Scope></Identifiers></OrganizationObject><LanguageObject LanguageRelation="LANGUAGE_OF_CONTENT" OrderIndex="46">NOR</LanguageObject><ResourceTypeObject OrderIndex="33">TEXT</ResourceTypeObject><TopicObject OrderIndex="51"><ChronologicalSubdivision><Instant><Time>-820544400000</Time><Granularity>YEAR</Granularity><Uncertain>false</Uncertain></Instant></ChronologicalSubdivision><TopicName>Reportaż polski</TopicName></TopicObject><AudienceObject OrderIndex="38">UNKNOW</AudienceObject><InstantObject OrderIndex="29" TemporalRelation="OP_LOADED"><Time>1358943207000</Time><Granularity>SECOND</Granularity><Uncertain>false</Uncertain></InstantObject><InstantObject OrderIndex="45" TemporalRelation="PUBLICATION"><Time>757382400000</Time><Granularity>YEAR</Granularity><Uncertain>false</Uncertain></InstantObject><MetadataObject FieldSource="PROVIDER" Format="marc21" OrderIndex="32"><record xmlns="info:lc/xmlns/marcxchange-v1"><leader>00862nam a2200277 i 4500</leader><controlfield tag="001">b1153168x</controlfield><controlfield tag="008">981002s1994    no           |000 0 nor  </controlfield><datafield ind1=" " ind2=" " tag="020"><subfield code="a">8203200214</subfield></datafield><datafield ind1=" " ind2=" " tag="040"><subfield code="a">WA N</subfield><subfield code="c">WA N</subfield></datafield><datafield ind1="1" ind2=" " tag="041"><subfield code="a">nor</subfield><subfield code="h">pol</subfield></datafield><datafield ind1="1" ind2=" " tag="100"><subfield code="a">Kapuściński, Ryszard</subfield><subfield code="d">(1932-2007).</subfield></datafield><datafield ind1="1" ind2="0" tag="245"><subfield code="a">Imperiet /</subfield><subfield code="c">Ryszard Kapuściński ; oversatt av Ole Michael Selberg.</subfield></datafield><datafield ind1="1" ind2=" " tag="246"><subfield code="i">Tyt. oryg.:</subfield><subfield code="a">Imperium</subfield></datafield><datafield ind1=" " ind2=" " tag="260"><subfield code="a">Oslo :</subfield><subfield code="b">Aschehoug,</subfield><subfield code="c">[1994] (boktrykker 1994).</subfield></datafield><datafield ind1=" " ind2=" " tag="300"><subfield code="a">283, [2] s. ;</subfield><subfield code="c">22 cm.</subfield></datafield><datafield ind1=" " ind2="4" tag="651"><subfield code="a">ZSRR</subfield><subfield code="y">1945-1991 r.</subfield></datafield><datafield ind1=" " ind2="4" tag="655"><subfield code="a">Reportaż polski</subfield><subfield code="y">od 1944 r.</subfield></datafield><datafield ind1="1" ind2=" " tag="700"><subfield code="a">Selberg, Ole Michael.</subfield><subfield code="e">Tł.</subfield></datafield><datafield ind1=" " ind2=" " tag="902"><subfield code="a">121211</subfield><subfield code="c">981005</subfield><subfield code="d">m</subfield><subfield code="e">a</subfield><subfield code="f">-</subfield><subfield code="g">0</subfield></datafield><datafield ind1=" " ind2=" " tag="907"><subfield code="b">bk   </subfield><subfield code="c">-</subfield></datafield><datafield ind1=" " ind2=" " tag="920"><subfield code="a">82-03-20021-4</subfield></datafield><datafield ind1=" " ind2=" " tag="960"><subfield code="a">II 1.840.708 A</subfield><subfield code="c">bk   </subfield><subfield code="d">30001007529274</subfield><subfield code="h">1994 w 553/5</subfield><subfield code="i">Z 0,25</subfield><subfield code="k">1</subfield><subfield code="l">-</subfield><subfield code="o">0</subfield></datafield><datafield ind1=" " ind2=" " tag="996"><subfield code="a">.b1153168x</subfield></datafield><datafield ind1=" " ind2=" " tag="998"><subfield code="a">ik</subfield><subfield code="a">o</subfield></datafield><datafield ind1=" " ind2=" " tag="999"><subfield code="a">JB</subfield><subfield code="b">js</subfield></datafield><datafield ind1=" " ind2=" " tag="999"><subfield code="a">mabl</subfield><subfield code="a">resi</subfield></datafield></record>