</MetadataObject><PersonObject OrderIndex="43" PartyRelation="CREATOR"><PartyName>Ryszard Kapuściński</PartyName><LifePeriod><Start><Time>-1199232000000</Time><Granularity>YEAR</Granularity><Uncertain>false</Uncertain></Start><End><Time>1167609600000</Time><Granularity>YEAR</Granularity><Uncertain>false</Uncertain></End></LifePeriod><FirstNames>Ryszard</FirstNames><Surname>Kapuściński</Surname></PersonObject><PersonObject OrderIndex="44" PartyRelation="CONTRIBUTOR"><PartyName>Ole Michael. Selberg</PartyName><Identifiers><Identifier>1000021584689</Identifier><Scope>TEL</Scope></Identifiers><FirstNames>Ole Michael.</FirstNames><Surname>Selberg</Surname></PersonObject><LinkObject FieldSource="TEL" LinkTarget="CATALOGUE_RECORD" OrderIndex="54"><Url>http://alpha.bn.org.pl/record=b1153168*pol</Url><LinkStatus>NOT_CHECKED</LinkStatus></LinkObject></MetadataRecord>
<MetadataRecord xmlns="http://theeuropeanlibrary.org/internal_object_model" ID="2000048756795"><BibliographicLevelObject OrderIndex="38">MONOGRAPH</BibliographicLevelObject><CatalogingFormObject OrderIndex="37">ISBD</CatalogingFormObject><TitleObject OrderIndex="43" TitleType="MAIN"><Title>Anekdoten aus Ostpreussen</Title><SubTitle>kurzweilige Reise in die Vergangenheit</SubTitle></TitleObject><IdentifierObject IdentifierType="LOCAL_IDENTIFIER" OrderIndex="29"><Identifier>b11531903</Identifier></IdentifierObject><IdentifierObject IdentifierType="OAIPMH" OrderIndex="31"><Identifier>urn:theeuropeanlibrary.org:a0232:b11531903</Identifier></IdentifierObject><IdentifierObject IdentifierType="LOCAL_IDENTIFIER" OrderIndex="40"><Identifier>b11531903</Identifier><Scope>a0232</Scope></IdentifierObject><IdentifierObject IdentifierType="ISBN" OrderIndex="41"><Identifier>3880424721</Identifier></IdentifierObject><IdentifierObject ContextLevel="RECORD" FieldSource="TEL" OrderIndex="57" PartyIdentifierType="TEL"><Identifier>1000016781359</Identifier><Scope>TEL</Scope></IdentifierObject><IdentifierObject ContextLevel="RECORD" FieldSource="TEL" OrderIndex="58" PartyIdentifierType="TEL"><Identifier>1000020843650</Identifier><Scope>TEL</Scope></IdentifierObject><IdentifierObject ContextLevel="RECORD" FieldSource="TEL" OrderIndex="59" PartyIdentifierType="TEL"><Identifier>3000004324288</Identifier><Scope>TEL</Scope></IdentifierObject><IdentifierObject ContextLevel="RECORD" FieldSource="TEL" OrderIndex="60" PartyIdentifierType="TEL"><Identifier>2000074969401</Identifier><Scope>TEL</Scope></IdentifierObject><IdentifierObject ContextLevel="RECORD" FieldSource="TEL" OrderIndex="61" PartyIdentifierType="TEL"><Identifier>1000008979097</Identifier><Scope>TEL</Scope></IdentifierObject><IdentifierObject ContextLevel="RECORD" FieldSource="TEL" OrderIndex="62" PartyIdentifierType="TEL"><Identifier>3000002588162</Identifier><Scope>TEL</Scope></IdentifierObject><IdentifierObject ContextLevel="RECORD" FieldSource="TEL" OrderIndex="63" PartyIdentifierType="TEL"><Identifier>2000070843445</Identifier><Scope>TEL</Scope></IdentifierObject><IdentifierObject ContextLevel="RECORD" FieldSource="TEL" OrderIndex="64" PartyIdentifierType="TEL"><Identifier>2000073271921</Identifier><Scope>TEL</Scope></IdentifierObject><IdentifierObject ContextLevel="RECORD" FieldSource="TEL" OrderIndex="65" PartyIdentifierType="TEL"><Identifier>3000003459918</Identifier><Scope>TEL</Scope></IdentifierObject><IdentifierObject ContextLevel="RECORD" FieldSource="TEL" OrderIndex="66" SpatialIdentifierType="TEL"><Identifier>1000005873775</Identifier><Scope>TEL</Scope></IdentifierObject><IllustrationsObject OrderIndex="36">NO_ILLUSTRATIONS</IllustrationsObject><SpatialEntityObject OrderIndex="50" SpatialRelation="PUBLICATION"><Identifiers><Identifier>DE</Identifier><Scope>ISO3166</Scope></Identifiers></SpatialEntityObject><NamedPlaceObject OrderIndex="48" SpatialRelation="PUBLICATION"><Identifiers><Identifier>1000005873775</Identifier><Scope>TEL</Scope></Identifiers><PlaceName>Husum</PlaceName></NamedPlaceObject><NamedPlaceObject OrderIndex="51" SpatialRelation="SUBJECT"><PlaceName>Prusy Wschodnie</PlaceName><Subject/></NamedPlaceObject><PrintTypeObject OrderIndex="35">PRINTED</PrintTypeObject><ProvenanceObject OrderIndex="32"><CollectionId>a0232</CollectionId><ProviderId>P01214</ProviderId></ProvenanceObject><StatusObject OrderIndex="28">UPDATED</StatusObject><TextObject OrderIndex="42" TextRelation="STATEMENT_OF_RESPONSIBILITY"><Content>ges. und festgehalten von Gerhard Eckert.</Content></TextObject><TextObject OrderIndex="53" TextRelation="EXTENT"><Content>93 s. ;</Content></TextObject><TextObject OrderIndex="54" TextRelation="EXTENT"><Content>20 cm.</Content></TextObject><TextObject OrderIndex="55" TextRelation="DESCRIPTION"><Content>Bibliogr. s. 93. - Indeksy.</Content></TextObject><OrganizationObject OrderIndex="49" PartyRelation="PUBLISHER"><PartyName>Husum Druck- und Verlagsges.</PartyName></OrganizationObject><LanguageObject LanguageRelation="LANGUAGE_OF_CONTENT" OrderIndex="46">GER</LanguageObject><ResourceTypeObject OrderIndex="34">TEXT</ResourceTypeObject><TopicObject OrderIndex="52"><ChronologicalSubdivision><Instant><Time>-61536240000000</Time><Granularity>YEAR</Granularity><Uncertain>false</Uncertain></Instant></ChronologicalSubdivision><TopicName>Anegdoty niemieckie</TopicName></TopicObject><AudienceObject OrderIndex="39">UNKNOW</AudienceObject><InstantObject OrderIndex="30" TemporalRelation="OP_LOADED"><Time>1358943214000</Time><Granularity>SECOND</Granularity><Uncertain>false</Uncertain></InstantObject><InstantObject OrderIndex="45" TemporalRelation="PUBLICATION"><Time>694224000000</Time><Granularity>YEAR</Granularity><Uncertain>false</Uncertain></InstantObject><MetadataObject FieldSource="PROVIDER" Format="marc21" OrderIndex="33"><record xmlns="info:lc/xmlns/marcxchange-v1"><leader>01031nam a2200325 i 4500</leader><controlfield tag="001">b11531903</controlfield><controlfield tag="008">981002s1992    gw           |001 0 ger d</controlfield><datafield ind1=" " ind2=" " tag="020"><subfield code="a">3880424721</subfield></datafield><datafield ind1=" " ind2=" " tag="040"><subfield code="a">WA N</subfield><subfield code="c">WA N</subfield></datafield><datafield ind1="0" ind2="0" tag="245"><subfield code="a">Anekdoten aus Ostpreussen :</subfield><subfield code="b">kurzweilige Reise in die Vergangenheit /</subfield><subfield code="c">ges. und festgehalten von Gerhard Eckert.</subfield></datafield><datafield ind1=" " ind2=" " tag="250"><subfield code="a">[2. Aufl.].</subfield></datafield><datafield ind1=" " ind2=" " tag="260"><subfield code="a">Husum :</subfield><subfield code="b">Husum Druck- und Verlagsges.,</subfield><subfield code="c">1992.</subfield></datafield><datafield ind1=" " ind2=" " tag="300"><subfield code="a">93 s. ;</subfield><subfield code="c">20 cm.</subfield></datafield><datafield ind1="1" ind2=" " tag="490"><subfield code="a">Husum-Taschenbuch</subfield></datafield><datafield ind1=" " ind2=" " tag="504"><subfield code="a">Bibliogr. s. 93. - Indeksy.</subfield></datafield><datafield ind1=" " ind2="4" tag="651"><subfield code="a">Prusy Wschodnie</subfield></datafield><datafield ind1=" " ind2="4" tag="655"><subfield code="a">Anegdoty niemieckie</subfield><subfield code="y">20 w.</subfield></datafield><datafield ind1="1" ind2=" " tag="700"><subfield code="a">Eckert, Gerhard</subfield><subfield code="d">(1912- ).</subfield><subfield code="e">Wybór</subfield></datafield><datafield ind1=" " ind2="0" tag="830"><subfield code="a">Husum-Taschenbuch</subfield></datafield><datafield ind1=" " ind2=" " tag="902"><subfield code="a">121219</subfield><subfield code="c">981005</subfield><subfield code="d">m</subfield><subfield code="e">a</subfield><subfield code="f">-</subfield><subfield code="g">0</subfield></datafield><datafield ind1=" " ind2=" " tag="907"><subfield code="b">bk   </subfield><subfield code="c">-</subfield></datafield><datafield ind1=" " ind2=" " tag="920"><subfield code="a">3-88042-472-1</subfield></datafield><datafield ind1=" " ind2=" " tag="960"><subfield code="a">I 1.764.690</subfield><subfield code="c">bk   </subfield><subfield code="d">30001008919975</subfield><subfield code="h">1995 w 347/1</subfield><subfield code="i">Z 0,05</subfield><subfield code="k">1</subfield><subfield code="l">-</subfield><subfield code="o">1</subfield></datafield><datafield ind1=" " ind2=" " tag="960"><subfield code="a">I 1.880.083 A</subfield><subfield code="c">bk   </subfield><subfield code="h">1994 w 72/2</subfield><subfield code="i">Z 0,25</subfield><subfield code="k">1</subfield><subfield code="l">-</subfield><subfield code="o">0</subfield></datafield><datafield ind1=" " ind2=" " tag="996"><subfield code="a">.b11531903</subfield></datafield><datafield ind1=" " ind2=" " tag="998"><subfield code="a">ik</subfield><subfield code="a">o</subfield></datafield><datafield ind1=" " ind2=" " tag="999"><subfield code="a">JB</subfield><subfield code="b">js</subfield></datafield><datafield ind1=" " ind2=" " tag="999"><subfield code="a">piju</subfield></datafield><datafield ind1=" " ind2=" " tag="999"><subfield code="a">mb</subfield><subfield code="a">ae</subfield></datafield><datafield ind1=" " ind2=" " tag="999"><subfield code="a">JHP</subfield><subfield code="b">jk</subfield></datafield></record>