</MetadataObject><PersonObject OrderIndex="44" PartyRelation="CONTRIBUTOR"><PartyName>Gerhard Eckert</PartyName><Identifiers><Identifier>2000074969401</Identifier><Scope>TEL</Scope></Identifiers><Identifiers><Identifier>3000002588162</Identifier><Scope>TEL</Scope></Identifiers><Identifiers><Identifier>1000008979097</Identifier><Scope>TEL</Scope></Identifiers><Identifiers><Identifier>1000016781359</Identifier><Scope>TEL</Scope></Identifiers><Identifiers><Identifier>3000003459918</Identifier><Scope>TEL</Scope></Identifiers><Identifiers><Identifier>1000020843650</Identifier><Scope>TEL</Scope></Identifiers><Identifiers><Identifier>2000073271921</Identifier><Scope>TEL</Scope></Identifiers><Identifiers><Identifier>3000004324288</Identifier><Scope>TEL</Scope></Identifiers><Identifiers><Identifier>2000070843445</Identifier><Scope>TEL</Scope></Identifiers><LifePeriod><Start><Time>-1830384000000</Time><Granularity>YEAR</Granularity><Uncertain>false</Uncertain></Start></LifePeriod><FirstNames>Gerhard</FirstNames><Surname>Eckert</Surname></PersonObject><EditionObject OrderIndex="47"><Number>2</Number><Statement>[2. Aufl.].</Statement></EditionObject><LinkObject FieldSource="TEL" LinkTarget="CATALOGUE_RECORD" OrderIndex="56"><Url>http://alpha.bn.org.pl/record=b1153190*pol</Url><LinkStatus>NOT_CHECKED</LinkStatus></LinkObject></MetadataRecord>
<MetadataRecord xmlns="http://theeuropeanlibrary.org/internal_object_model" ID="2000048756785"><BibliographicLevelObject OrderIndex="43">MONOGRAPH</BibliographicLevelObject><CatalogingFormObject OrderIndex="42">ISBD</CatalogingFormObject><TitleObject OrderIndex="48" TitleType="MAIN"><Title>Dobryja vescì</Title><SubTitle>paèzìja, proza, krytyka</SubTitle></TitleObject><IdentifierObject IdentifierType="LOCAL_IDENTIFIER" OrderIndex="33"><Identifier>b11531800</Identifier></IdentifierObject><IdentifierObject IdentifierType="OAIPMH" OrderIndex="35"><Identifier>urn:theeuropeanlibrary.org:a0232:b11531800</Identifier></IdentifierObject><IdentifierObject IdentifierType="LOCAL_IDENTIFIER" OrderIndex="45"><Identifier>b11531800</Identifier><Scope>a0232</Scope></IdentifierObject><IdentifierObject IdentifierType="ISBN" OrderIndex="46"><Identifier>5340009505</Identifier></IdentifierObject><IdentifierObject ContextLevel="RECORD" FieldSource="TEL" OrderIndex="65" PartyIdentifierType="TEL"><Identifier>1000016642846</Identifier><Scope>TEL</Scope></IdentifierObject><IdentifierObject ContextLevel="RECORD" FieldSource="TEL" OrderIndex="66" PartyIdentifierType="TEL"><Identifier>1000021916210</Identifier><Scope>TEL</Scope></IdentifierObject><IllustrationsObject OrderIndex="40">ILLUSTRATIONS</IllustrationsObject><IllustrationsObject OrderIndex="41">NO_ILLUSTRATIONS</IllustrationsObject><SpatialEntityObject OrderIndex="56" SpatialRelation="PUBLICATION"><Identifiers><Identifier>BY</Identifier><Scope>ISO3166</Scope></Identifiers></SpatialEntityObject><NamedPlaceObject OrderIndex="54" SpatialRelation="PUBLICATION"><PlaceName>Mìnsk</PlaceName></NamedPlaceObject><PrintTypeObject OrderIndex="39">PRINTED</PrintTypeObject><ProvenanceObject OrderIndex="36"><CollectionId>a0232</CollectionId><ProviderId>P01214</ProviderId></ProvenanceObject><StatusObject OrderIndex="32">UPDATED</StatusObject><TextObject OrderIndex="47" TextRelation="STATEMENT_OF_RESPONSIBILITY"><Content>Uladzìslaŭ Syrakomlja ; [ukladanìe ì kament. Uladzìmìra Marchela ì Kastusa Cvìrkì ; pradm. K. Cvìrkì].</Content></TextObject><TextObject OrderIndex="61" TextRelation="FORMAT_UNCONTROLED"><Content>1 portr. ;</Content></TextObject><TextObject OrderIndex="62" TextRelation="EXTENT"><Content>525, [3] s., [16] s. tabl. :</Content></TextObject><TextObject OrderIndex="63" TextRelation="EXTENT"><Content>21 cm.</Content></TextObject><OrganizationObject OrderIndex="55" PartyRelation="PUBLISHER"><PartyName>"Mastackaja lìtaratura"</PartyName></OrganizationObject><LanguageObject LanguageRelation="LANGUAGE_OF_CONTENT" OrderIndex="53">BEL</LanguageObject><ResourceTypeObject OrderIndex="38">TEXT</ResourceTypeObject><TopicObject OrderIndex="57"><ChronologicalSubdivision><Instant><Time>-61567776000000</Time><Granularity>YEAR</Granularity><Uncertain>false</Uncertain></Instant></ChronologicalSubdivision><TopicName>Poezja białoruska</TopicName></TopicObject><TopicObject OrderIndex="58"><ChronologicalSubdivision><Instant><Time>-61567776000000</Time><Granularity>YEAR</Granularity><Uncertain>false</Uncertain></Instant></ChronologicalSubdivision><TopicName>Poezja polska</TopicName></TopicObject><TopicObject OrderIndex="59"><ChronologicalSubdivision><Instant><Time>-61567776000000</Time><Granularity>YEAR</Granularity><Uncertain>false</Uncertain></Instant></ChronologicalSubdivision><TopicName>Szkice literackie białoruskie</TopicName></TopicObject><TopicObject OrderIndex="60"><ChronologicalSubdivision><Instant><Time>-61567776000000</Time><Granularity>YEAR</Granularity><Uncertain>false</Uncertain></Instant></ChronologicalSubdivision><TopicName>Szkice literackie polskie</TopicName></TopicObject><AudienceObject OrderIndex="44">UNKNOW</AudienceObject><InstantObject OrderIndex="34" TemporalRelation="OP_LOADED"><Time>1358943216000</Time><Granularity>SECOND</Granularity><Uncertain>false</Uncertain></InstantObject><InstantObject OrderIndex="52" TemporalRelation="PUBLICATION"><Time>725846400000</Time><Granularity>YEAR</Granularity><Uncertain>false</Uncertain></InstantObject><MetadataObject FieldSource="PROVIDER" Format="marc21" OrderIndex="37"><record xmlns="info:lc/xmlns/marcxchange-v1"><leader>01196nam a2200313 i 4500</leader><controlfield tag="001">b11531800</controlfield><controlfield tag="008">981002s1993    bw a         |000 p belo </controlfield><datafield ind1=" " ind2=" " tag="020"><subfield code="a">5340009505</subfield></datafield><datafield ind1=" " ind2=" " tag="040"><subfield code="a">WA N</subfield><subfield code="c">WA N</subfield></datafield><datafield ind1="1" ind2=" " tag="041"><subfield code="a">bel</subfield><subfield code="h">pol</subfield></datafield><datafield ind1="1" ind2=" " tag="100"><subfield code="a">Syrokomla, Władysław</subfield><subfield code="d">(1823-1862).</subfield></datafield><datafield ind1="1" ind2="0" tag="245"><subfield code="a">Dobryja vescì :</subfield><subfield code="b">paèzìja, proza, krytyka /</subfield><subfield code="c">Uladzìslaŭ Syrakomlja ; [ukladanìe ì kament. Uladzìmìra Marchela ì Kastusa Cvìrkì ; pradm. K. Cvìrkì].</subfield></datafield><datafield ind1=" " ind2=" " tag="260"><subfield code="a">Mìnsk :</subfield><subfield code="b">"Mastackaja lìtaratura",</subfield><subfield code="c">1993.</subfield></datafield><datafield ind1=" " ind2=" " tag="300"><subfield code="a">525, [3] s., [16] s. tabl. :</subfield><subfield code="b">1 portr. ;</subfield><subfield code="c">21 cm.</subfield></datafield><datafield ind1=" " ind2="4" tag="655"><subfield code="a">Poezja białoruska</subfield><subfield code="y">19 w.</subfield></datafield><datafield ind1=" " ind2="4" tag="655"><subfield code="a">Poezja polska</subfield><subfield code="y">19 w.</subfield></datafield><datafield ind1=" " ind2="4" tag="655"><subfield code="a">Szkice literackie białoruskie</subfield><subfield code="y">19 w.</subfield></datafield><datafield ind1=" " ind2="4" tag="655"><subfield code="a">Szkice literackie polskie</subfield><subfield code="y">19 w.</subfield></datafield><datafield ind1="1" ind2=" " tag="700"><subfield code="a">Marhel', Uladzìmìr Ìosìfavič</subfield><subfield code="d">(1940- ).</subfield><subfield code="e">Oprac.</subfield></datafield><datafield ind1="1" ind2=" " tag="700"><subfield code="a">Cvìrka, Kastus'</subfield><subfield code="d">(1934- ).</subfield><subfield code="e">Przedm.</subfield></datafield><datafield ind1=" " ind2=" " tag="902"><subfield code="a">121211</subfield><subfield code="c">990226</subfield><subfield code="d">m</subfield><subfield code="e">a</subfield><subfield code="f">-</subfield><subfield code="g">0</subfield></datafield><datafield ind1=" " ind2=" " tag="907"><subfield code="b">bk   </subfield><subfield code="c">-</subfield></datafield><datafield ind1=" " ind2=" " tag="920"><subfield code="a">5-340-00950-5</subfield></datafield><datafield ind1=" " ind2=" " tag="960"><subfield code="a">II 1.702.350</subfield><subfield code="c">bk   </subfield><subfield code="d">30001005174257</subfield><subfield code="h">1994 w 449/18</subfield><subfield code="i">Z 0,20</subfield><subfield code="k">3</subfield><subfield code="l">-</subfield><subfield code="o">1</subfield></datafield><datafield ind1=" " ind2=" " tag="960"><subfield code="a">II 1.840.143 A</subfield><subfield code="c">bk   </subfield><subfield code="d">30001009334005</subfield><subfield code="h">1993 w 672/10</subfield><subfield code="i">Z 0,00</subfield><subfield code="l">-</subfield><subfield code="o">0</subfield></datafield><datafield ind1=" " ind2=" " tag="996"><subfield code="a">.b11531800</subfield></datafield><datafield ind1=" " ind2=" " tag="998"><subfield code="a">ik</subfield><subfield code="a">o</subfield></datafield><datafield ind1=" " ind2=" " tag="999"><subfield code="a">JB</subfield><subfield code="b">js</subfield></datafield><datafield ind1=" " ind2=" " tag="999"><subfield code="a">resi</subfield></datafield></record>