</MetadataObject><PersonObject OrderIndex="49" PartyRelation="CREATOR"><PartyName>Władysław Syrokomla</PartyName><Identifiers><Identifier>1000021916210</Identifier><Scope>TEL</Scope></Identifiers><LifePeriod><Start><Time>-4638902400000</Time><Granularity>YEAR</Granularity><Uncertain>false</Uncertain></Start><End><Time>-3408134400000</Time><Granularity>YEAR</Granularity><Uncertain>false</Uncertain></End></LifePeriod><FirstNames>Władysław</FirstNames><Surname>Syrokomla</Surname></PersonObject><PersonObject OrderIndex="50" PartyRelation="CONTRIBUTOR"><PartyName>Uladzìmìr Ìosìfavič Marhel'</PartyName><Identifiers><Identifier>1000016642846</Identifier><Scope>TEL</Scope></Identifiers><LifePeriod><Start><Time>-946771200000</Time><Granularity>YEAR</Granularity><Uncertain>false</Uncertain></Start></LifePeriod><FirstNames>Uladzìmìr Ìosìfavič</FirstNames><Surname>Marhel'</Surname></PersonObject><PersonObject OrderIndex="51" PartyRelation="CONTRIBUTOR"><PartyName>Kastus' Cvìrka</PartyName><LifePeriod><Start><Time>-1136073600000</Time><Granularity>YEAR</Granularity><Uncertain>false</Uncertain></Start></LifePeriod><FirstNames>Kastus'</FirstNames><Surname>Cvìrka</Surname></PersonObject><LinkObject FieldSource="TEL" LinkTarget="CATALOGUE_RECORD" OrderIndex="64"><Url>http://alpha.bn.org.pl/record=b1153180*pol</Url><LinkStatus>NOT_CHECKED</LinkStatus></LinkObject></MetadataRecord>
<MetadataRecord xmlns="http://theeuropeanlibrary.org/internal_object_model" ID="2000048756743"><BibliographicLevelObject OrderIndex="43">MONOGRAPH</BibliographicLevelObject><CatalogingFormObject OrderIndex="42">ISBD</CatalogingFormObject><TitleObject OrderIndex="47" TitleType="MAIN"><Title>Giacomo Cusmano</Title><SubTitle>medico, sacerdote fondatore padre dei poveri</SubTitle></TitleObject><IdentifierObject IdentifierType="LOCAL_IDENTIFIER" OrderIndex="33"><Identifier>b11531381</Identifier></IdentifierObject><IdentifierObject IdentifierType="OAIPMH" OrderIndex="35"><Identifier>urn:theeuropeanlibrary.org:a0232:b11531381</Identifier></IdentifierObject><IdentifierObject IdentifierType="LOCAL_IDENTIFIER" OrderIndex="45"><Identifier>b11531381</Identifier><Scope>a0232</Scope></IdentifierObject><IdentifierObject ContextLevel="RECORD" FieldSource="TEL" OrderIndex="65" PartyIdentifierType="TEL"><Identifier>1000020944174</Identifier><Scope>TEL</Scope></IdentifierObject><IdentifierObject ContextLevel="RECORD" FieldSource="TEL" OrderIndex="66" PartyIdentifierType="TEL"><Identifier>1000021797062</Identifier><Scope>TEL</Scope></IdentifierObject><IdentifierObject ContextLevel="RECORD" FieldSource="TEL" OrderIndex="67" SpatialIdentifierType="TEL"><Identifier>1000006417912</Identifier><Scope>TEL</Scope></IdentifierObject><IdentifierObject ContextLevel="CONTENT" FieldSource="TEL" OrderIndex="68" SpatialIdentifierType="TEL"><Identifier>1000006430446</Identifier><Scope>TEL</Scope></IdentifierObject><IllustrationsObject OrderIndex="40">ILLUSTRATIONS</IllustrationsObject><IllustrationsObject OrderIndex="41">NO_ILLUSTRATIONS</IllustrationsObject><SpatialEntityObject OrderIndex="54" SpatialRelation="PUBLICATION"><Identifiers><Identifier>IT</Identifier><Scope>ISO3166</Scope></Identifiers></SpatialEntityObject><NamedPlaceObject OrderIndex="52" SpatialRelation="PUBLICATION"><Identifiers><Identifier>1000006417912</Identifier><Scope>TEL</Scope></Identifiers><PlaceName>Roma</PlaceName></NamedPlaceObject><PrintTypeObject OrderIndex="39">PRINTED</PrintTypeObject><ProvenanceObject OrderIndex="36"><CollectionId>a0232</CollectionId><ProviderId>P01214</ProviderId></ProvenanceObject><StatusObject OrderIndex="32">UPDATED</StatusObject><TextObject OrderIndex="46" TextRelation="STATEMENT_OF_RESPONSIBILITY"><Content>Taddeo Grzeszczyk ; pref. del Antonino Zichichi.</Content></TextObject><TextObject OrderIndex="59" TextRelation="FORMAT_UNCONTROLED"><Content>il. ;</Content></TextObject><TextObject OrderIndex="60" TextRelation="EXTENT"><Content>274, [1] s. :</Content></TextObject><TextObject OrderIndex="61" TextRelation="EXTENT"><Content>25 cm.</Content></TextObject><TextObject NoteType="EXTERNAL_INDEXES" OrderIndex="62" TextRelation="NOTE"><Content>BNI.</Content></TextObject><TextObject NoteType="EXTERNAL_INDEXES" OrderIndex="63" TextRelation="NOTE"><Content>NUC CDROM.</Content></TextObject><OrganizationObject OrderIndex="53" PartyRelation="PUBLISHER"><PartyName>Casa Generalizia delle Suore Serve dei Poveri</PartyName></OrganizationObject><LanguageObject LanguageRelation="LANGUAGE_OF_CONTENT" OrderIndex="51">ITA</LanguageObject><ResourceTypeObject OrderIndex="38">TEXT</ResourceTypeObject><TopicObject OrderIndex="56"><ChronologicalSubdivision><Instant><Time>-61567776000000</Time><Granularity>YEAR</Granularity><Uncertain>false</Uncertain></Instant></ChronologicalSubdivision><GeographicSubdivision><NamedPlace><Identifiers><Identifier>1000006430446</Identifier><Scope>TEL</Scope></Identifiers><PlaceName>Włochy</PlaceName></NamedPlace></GeographicSubdivision><TopicName>Duchowieństwo katolickie</TopicName></TopicObject><TopicObject OrderIndex="57"><ChronologicalSubdivision><Instant><Time>-61567776000000</Time><Granularity>YEAR</Granularity><Uncertain>false</Uncertain></Instant></ChronologicalSubdivision><GeographicSubdivision><NamedPlace><Identifiers><Identifier>1000006430446</Identifier><Scope>TEL</Scope></Identifiers><PlaceName>Włochy</PlaceName></NamedPlace></GeographicSubdivision><TopicName>Lekarze</TopicName></TopicObject><TopicObject OrderIndex="58"><TopicName>Biografie</TopicName></TopicObject><AudienceObject OrderIndex="44">UNKNOW</AudienceObject><InstantObject OrderIndex="34" TemporalRelation="OP_LOADED"><Time>1358943215000</Time><Granularity>SECOND</Granularity><Uncertain>false</Uncertain></InstantObject><InstantObject OrderIndex="50" TemporalRelation="PUBLICATION"><Time>378691200000</Time><Granularity>YEAR</Granularity><Uncertain>false</Uncertain></InstantObject><MetadataObject FieldSource="PROVIDER" Format="marc21" OrderIndex="37"><record xmlns="info:lc/xmlns/marcxchange-v1"><leader>01023nam a2200289 i 4500</leader><controlfield tag="001">b11531381</controlfield><controlfield tag="008">981002s1982    it a         |000 0 ita  </controlfield><datafield ind1=" " ind2=" " tag="040"><subfield code="a">WA N</subfield><subfield code="c">WA N</subfield></datafield><datafield ind1="1" ind2=" " tag="041"><subfield code="a">ita</subfield><subfield code="h">pol</subfield></datafield><datafield ind1="1" ind2=" " tag="100"><subfield code="a">Grzeszczyk, Tadeusz.</subfield></datafield><datafield ind1="1" ind2="0" tag="245"><subfield code="a">Giacomo Cusmano :</subfield><subfield code="b">medico, sacerdote fondatore padre dei poveri /</subfield><subfield code="c">Taddeo Grzeszczyk ; pref. del Antonino Zichichi.</subfield></datafield><datafield ind1=" " ind2=" " tag="260"><subfield code="a">Roma :</subfield><subfield code="b">Casa Generalizia delle Suore Serve dei Poveri,</subfield><subfield code="c">cop. 1982.</subfield></datafield><datafield ind1=" " ind2=" " tag="300"><subfield code="a">274, [1] s. :</subfield><subfield code="b">il. ;</subfield><subfield code="c">25 cm.</subfield></datafield><datafield ind1="3" ind2=" " tag="510"><subfield code="a">BNI.</subfield></datafield><datafield ind1="3" ind2=" " tag="510"><subfield code="a">NUC CDROM.</subfield></datafield><datafield ind1="0" ind2="4" tag="600"><subfield code="a">Jakub Cusmano</subfield><subfield code="c">(bł. ;</subfield><subfield code="d">1834-1888)</subfield></datafield><datafield ind1=" " ind2="4" tag="650"><subfield code="a">Duchowieństwo katolickie</subfield><subfield code="z">Włochy</subfield><subfield code="y">19 w.</subfield></datafield><datafield ind1=" " ind2="4" tag="650"><subfield code="a">Lekarze</subfield><subfield code="z">Włochy</subfield><subfield code="y">19 w.</subfield></datafield><datafield ind1=" " ind2="4" tag="655"><subfield code="a">Biografie</subfield></datafield><datafield ind1="1" ind2=" " tag="700"><subfield code="a">Zichichi, Antonino.</subfield><subfield code="e">Tł.</subfield></datafield><datafield ind1=" " ind2=" " tag="902"><subfield code="a">121211</subfield><subfield code="c">981005</subfield><subfield code="d">m</subfield><subfield code="e">a</subfield><subfield code="f">-</subfield><subfield code="g">0</subfield></datafield><datafield ind1=" " ind2=" " tag="907"><subfield code="b">bk   </subfield><subfield code="c">-</subfield></datafield><datafield ind1=" " ind2=" " tag="960"><subfield code="a">II 1.702.083</subfield><subfield code="c">bk   </subfield><subfield code="d">30001005169851</subfield><subfield code="h">1994 w 208/70</subfield><subfield code="i">Z 0,00</subfield><subfield code="l">-</subfield><subfield code="o">1</subfield></datafield><datafield ind1=" " ind2=" " tag="960"><subfield code="a">II 1.840.530 A</subfield><subfield code="c">bk   </subfield><subfield code="d">30001009347890</subfield><subfield code="h">1992 w 660/85</subfield><subfield code="i">Z 0,00</subfield><subfield code="l">-</subfield><subfield code="o">0</subfield></datafield><datafield ind1=" " ind2=" " tag="996"><subfield code="a">.b11531381</subfield></datafield><datafield ind1=" " ind2=" " tag="998"><subfield code="a">ik</subfield><subfield code="a">o</subfield></datafield><datafield ind1=" " ind2=" " tag="999"><subfield code="a">jb</subfield><subfield code="b">js</subfield><subfield code="b">ae</subfield></datafield></record>