</MetadataObject><PersonObject OrderIndex="48" PartyRelation="CREATOR"><PartyName>Tadeusz. Grzeszczyk</PartyName><Identifiers><Identifier>1000021797062</Identifier><Scope>TEL</Scope></Identifiers><FirstNames>Tadeusz.</FirstNames><Surname>Grzeszczyk</Surname></PersonObject><PersonObject OrderIndex="49" PartyRelation="CONTRIBUTOR"><PartyName>Antonino. Zichichi</PartyName><Identifiers><Identifier>1000020944174</Identifier><Scope>TEL</Scope></Identifiers><FirstNames>Antonino.</FirstNames><Surname>Zichichi</Surname></PersonObject><PersonObject OrderIndex="55" PartyRelation="SUBJECT"><PartyName>Jakub Cusmano</PartyName><LifePeriod><Start><Time>-4291747200000</Time><Granularity>YEAR</Granularity><Uncertain>false</Uncertain></Start><End><Time>-2587680000000</Time><Granularity>YEAR</Granularity><Uncertain>false</Uncertain></End></LifePeriod><FirstNames>Jakub</FirstNames><Surname>Cusmano</Surname></PersonObject><LinkObject FieldSource="TEL" LinkTarget="CATALOGUE_RECORD" OrderIndex="64"><Url>http://alpha.bn.org.pl/record=b1153138*pol</Url><LinkStatus>NOT_CHECKED</LinkStatus></LinkObject></MetadataRecord>
<MetadataRecord xmlns="http://theeuropeanlibrary.org/internal_object_model" ID="2000048756762"><BibliographicLevelObject OrderIndex="42">MONOGRAPH</BibliographicLevelObject><CatalogingFormObject OrderIndex="41">ISBD</CatalogingFormObject><TitleObject OrderIndex="47" TitleType="MAIN"><Title>József, az ács</Title><SubTitle>bibliai regény</SubTitle></TitleObject><TitleObject OrderIndex="48" TitleType="ALTERNATIVE"><Title>Cień ojca</Title></TitleObject><IdentifierObject IdentifierType="LOCAL_IDENTIFIER" OrderIndex="32"><Identifier>b11531575</Identifier></IdentifierObject><IdentifierObject IdentifierType="OAIPMH" OrderIndex="34"><Identifier>urn:theeuropeanlibrary.org:a0232:b11531575</Identifier></IdentifierObject><IdentifierObject IdentifierType="LOCAL_IDENTIFIER" OrderIndex="44"><Identifier>b11531575</Identifier><Scope>a0232</Scope></IdentifierObject><IdentifierObject IdentifierType="ISBN" OrderIndex="45"><Identifier>9633631661</Identifier></IdentifierObject><IdentifierObject ContextLevel="RECORD" FieldSource="TEL" OrderIndex="63" PartyIdentifierType="TEL"><Identifier>1000020333359</Identifier><Scope>TEL</Scope></IdentifierObject><IdentifierObject ContextLevel="RECORD" FieldSource="TEL" OrderIndex="64" PartyIdentifierType="TEL"><Identifier>1000021546203</Identifier><Scope>TEL</Scope></IdentifierObject><IdentifierObject ContextLevel="RECORD" FieldSource="TEL" OrderIndex="65" PartyIdentifierType="TEL"><Identifier>1000019562636</Identifier><Scope>TEL</Scope></IdentifierObject><IdentifierObject ContextLevel="RECORD" FieldSource="TEL" OrderIndex="66" PartyIdentifierType="TEL"><Identifier>1000019735335</Identifier><Scope>TEL</Scope></IdentifierObject><IdentifierObject ContextLevel="RECORD" FieldSource="TEL" OrderIndex="67" PartyIdentifierType="TEL"><Identifier>1000021134260</Identifier><Scope>TEL</Scope></IdentifierObject><IdentifierObject ContextLevel="RECORD" FieldSource="TEL" OrderIndex="68" SpatialIdentifierType="TEL"><Identifier>1000006189649</Identifier><Scope>TEL</Scope></IdentifierObject><IllustrationsObject OrderIndex="39">ILLUSTRATIONS</IllustrationsObject><IllustrationsObject OrderIndex="40">NO_ILLUSTRATIONS</IllustrationsObject><SpatialEntityObject OrderIndex="57" SpatialRelation="PUBLICATION"><Identifiers><Identifier>HU</Identifier><Scope>ISO3166</Scope></Identifiers></SpatialEntityObject><NamedPlaceObject OrderIndex="55" SpatialRelation="PUBLICATION"><Identifiers><Identifier>1000006189649</Identifier><Scope>TEL</Scope></Identifiers><PlaceName>Budapest</PlaceName></NamedPlaceObject><PrintTypeObject OrderIndex="38">PRINTED</PrintTypeObject><ProvenanceObject OrderIndex="35"><CollectionId>a0232</CollectionId><ProviderId>P01214</ProviderId></ProvenanceObject><StatusObject OrderIndex="31">UPDATED</StatusObject><TextObject OrderIndex="46" TextRelation="STATEMENT_OF_RESPONSIBILITY"><Content>Jan Dobraczyński ; [ford., a jegyzeteket és az utószot irta Balássy Peter ; a rajz. kész. Boromissza Zsolt].</Content></TextObject><TextObject OrderIndex="59" TextRelation="FORMAT_UNCONTROLED"><Content>mapa, pl. ;</Content></TextObject><TextObject OrderIndex="60" TextRelation="EXTENT"><Content>309, [1] s. :</Content></TextObject><TextObject OrderIndex="61" TextRelation="EXTENT"><Content>19 cm.</Content></TextObject><OrganizationObject OrderIndex="56" PartyRelation="PUBLISHER"><PartyName>Ecclesia</PartyName><Identifiers><Identifier>1000019735335</Identifier><Scope>TEL</Scope></Identifiers><Identifiers><Identifier>1000020333359</Identifier><Scope>TEL</Scope></Identifiers><Identifiers><Identifier>1000021546203</Identifier><Scope>TEL</Scope></Identifiers><Identifiers><Identifier>1000019562636</Identifier><Scope>TEL</Scope></Identifiers></OrganizationObject><LanguageObject LanguageRelation="LANGUAGE_OF_CONTENT" OrderIndex="53">HUN</LanguageObject><ResourceTypeObject OrderIndex="37">TEXT</ResourceTypeObject><TopicObject OrderIndex="58"><ChronologicalSubdivision><Instant><Time>-61536240000000</Time><Granularity>YEAR</Granularity><Uncertain>false</Uncertain></Instant></ChronologicalSubdivision><TopicName>Powieść polska</TopicName></TopicObject><AudienceObject OrderIndex="43">UNKNOW</AudienceObject><InstantObject OrderIndex="33" TemporalRelation="OP_LOADED"><Time>1358943215000</Time><Granularity>SECOND</Granularity><Uncertain>false</Uncertain></InstantObject><InstantObject OrderIndex="52" TemporalRelation="PUBLICATION"><Time>757382400000</Time><Granularity>YEAR</Granularity><Uncertain>false</Uncertain></InstantObject><MetadataObject FieldSource="PROVIDER" Format="marc21" OrderIndex="36"><record xmlns="info:lc/xmlns/marcxchange-v1"><leader>01055nam a2200313 i 4500</leader><controlfield tag="001">b11531575</controlfield><controlfield tag="008">981002s1994    hu a         |000 f hun  </controlfield><datafield ind1=" " ind2=" " tag="020"><subfield code="a">9633631661</subfield></datafield><datafield ind1=" " ind2=" " tag="040"><subfield code="a">WA N</subfield><subfield code="c">WA N</subfield></datafield><datafield ind1="1" ind2=" " tag="041"><subfield code="a">hun</subfield><subfield code="h">pol</subfield></datafield><datafield ind1="1" ind2=" " tag="100"><subfield code="a">Dobraczyński, Jan</subfield><subfield code="d">(1910-1994).</subfield></datafield><datafield ind1="1" ind2="0" tag="245"><subfield code="a">József, az ács :</subfield><subfield code="b">bibliai regény /</subfield><subfield code="c">Jan Dobraczyński ; [ford., a jegyzeteket és az utószot irta Balássy Peter ; a rajz. kész. Boromissza Zsolt].</subfield></datafield><datafield ind1="1" ind2=" " tag="246"><subfield code="i">Tyt. oryg.:</subfield><subfield code="a">Cień ojca</subfield></datafield><datafield ind1=" " ind2=" " tag="250"><subfield code="a">4 kiad.</subfield></datafield><datafield ind1=" " ind2=" " tag="260"><subfield code="a">Budapest :</subfield><subfield code="b">Ecclesia,</subfield><subfield code="c">1994.</subfield></datafield><datafield ind1=" " ind2=" " tag="300"><subfield code="a">309, [1] s. :</subfield><subfield code="b">mapa, pl. ;</subfield><subfield code="c">19 cm.</subfield></datafield><datafield ind1=" " ind2="4" tag="655"><subfield code="a">Powieść polska</subfield><subfield code="y">20 w.</subfield></datafield><datafield ind1="1" ind2=" " tag="700"><subfield code="a">Balássy, Péter</subfield><subfield code="d">(1944- ).</subfield><subfield code="e">Wybór</subfield></datafield><datafield ind1="1" ind2=" " tag="700"><subfield code="a">Boromissza, Zsolt.</subfield><subfield code="e">Il.</subfield></datafield><datafield ind1=" " ind2=" " tag="902"><subfield code="a">121211</subfield><subfield code="c">981005</subfield><subfield code="d">m</subfield><subfield code="e">a</subfield><subfield code="f">-</subfield><subfield code="g">0</subfield></datafield><datafield ind1=" " ind2=" " tag="907"><subfield code="b">bk   </subfield><subfield code="c">-</subfield></datafield><datafield ind1=" " ind2=" " tag="920"><subfield code="a">963-363-166-1</subfield></datafield><datafield ind1=" " ind2=" " tag="960"><subfield code="a">I 1.764.725</subfield><subfield code="c">bk   </subfield><subfield code="d">30001008920247</subfield><subfield code="h">1995 k 803/79</subfield><subfield code="i">Z 0,03</subfield><subfield code="k">1</subfield><subfield code="l">-</subfield><subfield code="o">1</subfield></datafield><datafield ind1=" " ind2=" " tag="960"><subfield code="a">I 1.880.123 A</subfield><subfield code="c">bk   </subfield><subfield code="h">1994 w 597/2</subfield><subfield code="i">Z 0,20</subfield><subfield code="k">1</subfield><subfield code="l">-</subfield><subfield code="o">0</subfield></datafield><datafield ind1=" " ind2=" " tag="996"><subfield code="a">.b11531575</subfield></datafield><datafield ind1=" " ind2=" " tag="998"><subfield code="a">ik</subfield><subfield code="a">o</subfield></datafield><datafield ind1=" " ind2=" " tag="999"><subfield code="a">JB</subfield><subfield code="b">js</subfield></datafield><datafield ind1=" " ind2=" " tag="999"><subfield code="a">resi</subfield></datafield><datafield ind1=" " ind2=" " tag="999"><subfield code="a">mb</subfield><subfield code="a">ae</subfield></datafield></record>