</MetadataObject><PersonObject OrderIndex="49" PartyRelation="CREATOR"><PartyName>Jan Dobraczyński</PartyName><LifePeriod><Start><Time>-1893456000000</Time><Granularity>YEAR</Granularity><Uncertain>false</Uncertain></Start><End><Time>757382400000</Time><Granularity>YEAR</Granularity><Uncertain>false</Uncertain></End></LifePeriod><FirstNames>Jan</FirstNames><Surname>Dobraczyński</Surname></PersonObject><PersonObject OrderIndex="50" PartyRelation="CONTRIBUTOR"><PartyName>Péter Balássy</PartyName><Identifiers><Identifier>1000021134260</Identifier><Scope>TEL</Scope></Identifiers><LifePeriod><Start><Time>-820544400000</Time><Granularity>YEAR</Granularity><Uncertain>false</Uncertain></Start></LifePeriod><FirstNames>Péter</FirstNames><Surname>Balássy</Surname></PersonObject><PersonObject OrderIndex="51" PartyRelation="CONTRIBUTOR"><PartyName>Zsolt. Boromissza</PartyName><FirstNames>Zsolt.</FirstNames><Surname>Boromissza</Surname></PersonObject><EditionObject OrderIndex="54"><Number>4</Number><Statement>4 kiad.</Statement></EditionObject><LinkObject FieldSource="TEL" LinkTarget="CATALOGUE_RECORD" OrderIndex="62"><Url>http://alpha.bn.org.pl/record=b1153157*pol</Url><LinkStatus>NOT_CHECKED</LinkStatus></LinkObject></MetadataRecord>
<MetadataRecord xmlns="http://theeuropeanlibrary.org/internal_object_model" ID="2000048756753"><BibliographicLevelObject OrderIndex="41">MONOGRAPH</BibliographicLevelObject><CatalogingFormObject OrderIndex="40">ISBD</CatalogingFormObject><TitleObject OrderIndex="44" TitleType="MAIN"><Title>Opis historyczno-statystyczny parafii Międzyrzeckiej</Title></TitleObject><IdentifierObject IdentifierType="LOCAL_IDENTIFIER" OrderIndex="31"><Identifier>b11531484</Identifier></IdentifierObject><IdentifierObject IdentifierType="OAIPMH" OrderIndex="33"><Identifier>urn:theeuropeanlibrary.org:a0232:b11531484</Identifier></IdentifierObject><IdentifierObject IdentifierType="LOCAL_IDENTIFIER" OrderIndex="43"><Identifier>b11531484</Identifier><Scope>a0232</Scope></IdentifierObject><IdentifierObject ContextLevel="RECORD" FieldSource="TEL" OrderIndex="61" PartyIdentifierType="TEL"><Identifier>3000004183629</Identifier><Scope>TEL</Scope></IdentifierObject><IdentifierObject ContextLevel="RECORD" FieldSource="TEL" OrderIndex="62" PartyIdentifierType="TEL"><Identifier>1000018762506</Identifier><Scope>TEL</Scope></IdentifierObject><IdentifierObject ContextLevel="RECORD" FieldSource="TEL" OrderIndex="63" PartyIdentifierType="TEL"><Identifier>1000021793240</Identifier><Scope>TEL</Scope></IdentifierObject><IdentifierObject ContextLevel="RECORD" FieldSource="TEL" OrderIndex="64" PartyIdentifierType="TEL"><Identifier>3000003384050</Identifier><Scope>TEL</Scope></IdentifierObject><IdentifierObject ContextLevel="RECORD" FieldSource="TEL" OrderIndex="65" PartyIdentifierType="TEL"><Identifier>3000003398732</Identifier><Scope>TEL</Scope></IdentifierObject><IdentifierObject ContextLevel="RECORD" FieldSource="TEL" OrderIndex="66" SpatialIdentifierType="TEL"><Identifier>1000001587202</Identifier><Scope>TEL</Scope></IdentifierObject><IllustrationsObject OrderIndex="38">ILLUSTRATIONS</IllustrationsObject><IllustrationsObject OrderIndex="39">NO_ILLUSTRATIONS</IllustrationsObject><SpatialEntityObject OrderIndex="50" SpatialRelation="PUBLICATION"><Identifiers><Identifier>PL</Identifier><Scope>ISO3166</Scope></Identifiers></SpatialEntityObject><NamedPlaceObject OrderIndex="48" SpatialRelation="PUBLICATION"><Identifiers><Identifier>1000001587202</Identifier><Scope>TEL</Scope></Identifiers><PlaceName>Warszawa</PlaceName></NamedPlaceObject><NamedPlaceObject OrderIndex="53" SpatialRelation="SUBJECT"><PlaceName>Międzyrzec Podlaski (woj. lubelskie)</PlaceName><Subject><GeneralSubdivision>biografie</GeneralSubdivision><ChronologicalSubdivision><Instant><Time>-61678368000000</Time><Granularity>MONTH</Granularity><Uncertain>false</Uncertain></Instant></ChronologicalSubdivision></Subject></NamedPlaceObject><NamedPlaceObject OrderIndex="54" SpatialRelation="SUBJECT"><PlaceName>Międzyrzec Podlaski (woj. lubelskie)</PlaceName><Subject><GeneralSubdivision>kościół św. Mikołaja</GeneralSubdivision></Subject></NamedPlaceObject><NamedPlaceObject OrderIndex="55" SpatialRelation="SUBJECT"><PlaceName>Międzyrzec Podlaski (woj. lubelskie ; okręg)</PlaceName><Subject><GeneralSubdivision>religia</GeneralSubdivision><ChronologicalSubdivision><Instant><Time>-61646745600000</Time><Granularity>MONTH</Granularity><Uncertain>false</Uncertain></Instant></ChronologicalSubdivision></Subject></NamedPlaceObject><PrintTypeObject OrderIndex="37">PRINTED</PrintTypeObject><ProvenanceObject OrderIndex="34"><CollectionId>a0232</CollectionId><ProviderId>P01214</ProviderId></ProvenanceObject><StatusObject OrderIndex="30">UPDATED</StatusObject><TextObject OrderIndex="57" TextRelation="FORMAT_UNCONTROLED"><Content>fot., 1 mapa ;</Content></TextObject><TextObject OrderIndex="58" TextRelation="EXTENT"><Content>236, [2] s., [7] k. tabl. :</Content></TextObject><TextObject OrderIndex="59" TextRelation="EXTENT"><Content>20 cm.</Content></TextObject><OrganizationObject OrderIndex="49" PartyRelation="PUBLISHER"><PartyName>Polskie Towarzystwo Krajoznawcze</PartyName><Identifiers><Identifier>1000018762506</Identifier><Scope>TEL</Scope></Identifiers><Identifiers><Identifier>3000003384050</Identifier><Scope>TEL</Scope></Identifiers><Identifiers><Identifier>3000003398732</Identifier><Scope>TEL</Scope></Identifiers><Identifiers><Identifier>3000004183629</Identifier><Scope>TEL</Scope></Identifiers></OrganizationObject><LanguageObject LanguageRelation="LANGUAGE_OF_CONTENT" OrderIndex="47">POL</LanguageObject><ResourceTypeObject OrderIndex="36">TEXT</ResourceTypeObject><TopicObject OrderIndex="51"><ChronologicalSubdivision><Instant><Time>-61644067200000</Time><Granularity>MONTH</Granularity><Uncertain>false</Uncertain></Instant></ChronologicalSubdivision><GeographicSubdivision><NamedPlace><PlaceName>Polska</PlaceName></NamedPlace></GeographicSubdivision><TopicName>Duchowieństwo katolickie</TopicName></TopicObject><TopicObject OrderIndex="52"><GeneralSubdivision>katolicyzm</GeneralSubdivision><ChronologicalSubdivision><Instant><Time>-61646745600000</Time><Granularity>MONTH</Granularity><Uncertain>false</Uncertain></Instant></ChronologicalSubdivision><GeographicSubdivision><NamedPlace><PlaceName>Polska</PlaceName></NamedPlace></GeographicSubdivision><TopicName>Parafia</TopicName></TopicObject><TopicObject OrderIndex="56"><TopicName>Biografie</TopicName></TopicObject><AudienceObject OrderIndex="42">UNKNOW</AudienceObject><InstantObject OrderIndex="32" TemporalRelation="OP_LOADED"><Time>1358943207000</Time><Granularity>SECOND</Granularity><Uncertain>false</Uncertain></InstantObject><InstantObject OrderIndex="46" TemporalRelation="PUBLICATION"><Time>-1861920000000</Time><Granularity>YEAR</Granularity><Uncertain>false</Uncertain></InstantObject><MetadataObject FieldSource="PROVIDER" Format="marc21" OrderIndex="35"><record xmlns="info:lc/xmlns/marcxchange-v1"><leader>01323nam a2200301 i 4500</leader><controlfield tag="001">b11531484</controlfield><controlfield tag="008">981005s1911    pl a         |000 0 pol  </controlfield><datafield ind1=" " ind2=" " tag="040"><subfield code="a">WA N</subfield><subfield code="c">WA N</subfield></datafield><datafield ind1="1" ind2=" " tag="100"><subfield code="a">Pleszczyński, Adolf</subfield><subfield code="d">(1841-1925).</subfield></datafield><datafield ind1="1" ind2="0" tag="245"><subfield code="a">Opis historyczno-statystyczny parafii Międzyrzeckiej /</subfield><subfield code="c">oprac. Adolf Pleszczyński.</subfield></datafield><datafield ind1=" " ind2=" " tag="260"><subfield code="a">Warszawa :</subfield><subfield code="b">Polskie Towarzystwo Krajoznawcze,</subfield><subfield code="c">1911</subfield><subfield code="e">(Warszawa :</subfield><subfield code="f">Piotr Laskauer).</subfield></datafield><datafield ind1=" " ind2=" " tag="300"><subfield code="a">236, [2] s., [7] k. tabl. :</subfield><subfield code="b">fot., 1 mapa ;</subfield><subfield code="c">20 cm.</subfield></datafield><datafield ind1=" " ind2="4" tag="650"><subfield code="a">Duchowieństwo katolickie</subfield><subfield code="z">Polska</subfield><subfield code="y">15-20 w.</subfield></datafield><datafield ind1=" " ind2="4" tag="650"><subfield code="a">Parafia</subfield><subfield code="x">katolicyzm</subfield><subfield code="z">Polska</subfield><subfield code="y">15-19 w.</subfield></datafield><datafield ind1=" " ind2="4" tag="651"><subfield code="a">Międzyrzec Podlaski (woj. lubelskie)</subfield><subfield code="x">biografie</subfield><subfield code="y">14-19 w.</subfield></datafield><datafield ind1=" " ind2="4" tag="651"><subfield code="a">Międzyrzec Podlaski (woj. lubelskie)</subfield><subfield code="x">kościół św. Mikołaja</subfield></datafield><datafield ind1=" " ind2="4" tag="651"><subfield code="a">Międzyrzec Podlaski (woj. lubelskie ; okręg)</subfield><subfield code="x">religia</subfield><subfield code="y">15-19 w.</subfield></datafield><datafield ind1=" " ind2="4" tag="655"><subfield code="a">Biografie</subfield></datafield><datafield ind1=" " ind2=" " tag="902"><subfield code="a">121219</subfield><subfield code="c">990804</subfield><subfield code="d">m</subfield><subfield code="e">a</subfield><subfield code="f">-</subfield><subfield code="g">0</subfield></datafield><datafield ind1=" " ind2=" " tag="907"><subfield code="b">bk   </subfield><subfield code="c">-</subfield></datafield><datafield ind1=" " ind2=" " tag="960"><subfield code="a">I 312.629</subfield><subfield code="c">bk   </subfield><subfield code="d">30001005528759</subfield><subfield code="h">1955 d 322/676</subfield><subfield code="i">Z 0,00</subfield><subfield code="l">-</subfield><subfield code="o">1</subfield><subfield code="y">Ekslibris: Zalewski Ludwik.</subfield></datafield><datafield ind1=" " ind2=" " tag="960"><subfield code="a">I 2.048.417</subfield><subfield code="c">bk   </subfield><subfield code="d">30001001465576</subfield><subfield code="e">2.048.417</subfield><subfield code="h">Kras. 39772</subfield><subfield code="i">Z 150,00</subfield><subfield code="j">2005.05.31</subfield><subfield code="k">2</subfield><subfield code="l">-</subfield><subfield code="o">1</subfield></datafield><datafield ind1=" " ind2=" " tag="960"><subfield code="a">II 1.416.371 A</subfield><subfield code="c">bk   </subfield><subfield code="e">1.416.371</subfield><subfield code="h">1998 w 71/31</subfield><subfield code="i">Z 25,00</subfield><subfield code="j">1999.12.10</subfield><subfield code="k">1</subfield><subfield code="l">-</subfield><subfield code="o">0</subfield></datafield><datafield ind1=" " ind2=" " tag="996"><subfield code="a">.b11531484</subfield></datafield><datafield ind1=" " ind2=" " tag="998"><subfield code="a">ik</subfield><subfield code="a">o</subfield></datafield><datafield ind1=" " ind2=" " tag="999"><subfield code="a">dnedk</subfield><subfield code="b">rg</subfield></datafield><datafield ind1=" " ind2=" " tag="999"><subfield code="a">bron</subfield></datafield><datafield ind1=" " ind2=" " tag="999"><subfield code="a">zkkras</subfield><subfield code="b">jk</subfield></datafield></record>