</MetadataObject><PersonObject OrderIndex="45" PartyRelation="CREATOR"><PartyName>Adolf Pleszczyński</PartyName><Identifiers><Identifier>1000021793240</Identifier><Scope>TEL</Scope></Identifiers><LifePeriod><Start><Time>-4070822400000</Time><Granularity>YEAR</Granularity><Uncertain>false</Uncertain></Start><End><Time>-1420070400000</Time><Granularity>YEAR</Granularity><Uncertain>false</Uncertain></End></LifePeriod><FirstNames>Adolf</FirstNames><Surname>Pleszczyński</Surname></PersonObject><LinkObject FieldSource="TEL" LinkTarget="CATALOGUE_RECORD" OrderIndex="60"><Url>http://alpha.bn.org.pl/record=b1153148*pol</Url><LinkStatus>NOT_CHECKED</LinkStatus></LinkObject></MetadataRecord>
<MetadataRecord xmlns="http://theeuropeanlibrary.org/internal_object_model" ID="2000048756839"><BibliographicLevelObject OrderIndex="39">MONOGRAPH</BibliographicLevelObject><CatalogingFormObject OrderIndex="38">ISBD</CatalogingFormObject><TitleObject OrderIndex="44" TitleType="MAIN"><Title>Poisk istinnogo bytija i čeloveka</Title><SubTitle>iz istorii filosofii i kul' tury Belarusi</SubTitle></TitleObject><IdentifierObject IdentifierType="LOCAL_IDENTIFIER" OrderIndex="30"><Identifier>b11532348</Identifier></IdentifierObject><IdentifierObject IdentifierType="OAIPMH" OrderIndex="32"><Identifier>urn:theeuropeanlibrary.org:a0232:b11532348</Identifier></IdentifierObject><IdentifierObject IdentifierType="LOCAL_IDENTIFIER" OrderIndex="41"><Identifier>b11532348</Identifier><Scope>a0232</Scope></IdentifierObject><IdentifierObject IdentifierType="ISBN" OrderIndex="42"><Identifier>5343009093</Identifier></IdentifierObject><IdentifierObject ContextLevel="RECORD" FieldSource="TEL" OrderIndex="59" PartyIdentifierType="TEL"><Identifier>1000021785130</Identifier><Scope>TEL</Scope></IdentifierObject><IdentifierObject ContextLevel="RECORD" FieldSource="TEL" OrderIndex="60" PartyIdentifierType="TEL"><Identifier>2000076036119</Identifier><Scope>TEL</Scope></IdentifierObject><IdentifierObject ContextLevel="RECORD" FieldSource="TEL" OrderIndex="61" SpatialIdentifierType="TEL"><Identifier>1000001322574</Identifier><Scope>TEL</Scope></IdentifierObject><IdentifierObject ContextLevel="CONTENT" FieldSource="TEL" OrderIndex="62" SpatialIdentifierType="TEL"><Identifier>1000001333694</Identifier><Scope>TEL</Scope></IdentifierObject><IllustrationsObject OrderIndex="37">NO_ILLUSTRATIONS</IllustrationsObject><SpatialEntityObject OrderIndex="51" SpatialRelation="PUBLICATION"><Identifiers><Identifier>BY</Identifier><Scope>ISO3166</Scope></Identifiers></SpatialEntityObject><NamedPlaceObject OrderIndex="49" SpatialRelation="PUBLICATION"><Identifiers><Identifier>1000001322574</Identifier><Scope>TEL</Scope></Identifiers><PlaceName>Minsk</PlaceName></NamedPlaceObject><NamedPlaceObject OrderIndex="54" SpatialRelation="SUBJECT"><Identifiers><Identifier>1000001333694</Identifier><Scope>TEL</Scope></Identifiers><PlaceName>Białoruś</PlaceName><Subject><GeneralSubdivision>kultura</GeneralSubdivision></Subject></NamedPlaceObject><PrintTypeObject OrderIndex="36">PRINTED</PrintTypeObject><ProvenanceObject OrderIndex="33"><CollectionId>a0232</CollectionId><ProviderId>P01214</ProviderId></ProvenanceObject><StatusObject OrderIndex="29">UPDATED</StatusObject><TextObject OrderIndex="43" TextRelation="STATEMENT_OF_RESPONSIBILITY"><Content>A. S. Majchrovič ; nauč. red. D. I. Širokanov ; Akad. nauk Belarusi. In-t filosofii i prava.</Content></TextObject><TextObject OrderIndex="55" TextRelation="EXTENT"><Content>245, [3] s. ;</Content></TextObject><TextObject OrderIndex="56" TextRelation="EXTENT"><Content>21 cm.</Content></TextObject><TextObject NoteType="GENERAL" OrderIndex="57" TextRelation="NOTE"><Content>Dotyczy m. in. Polski.</Content></TextObject><OrganizationObject OrderIndex="50" PartyRelation="PUBLISHER"><PartyName>"Navuka ì téchnìka"</PartyName></OrganizationObject><LanguageObject LanguageRelation="LANGUAGE_OF_CONTENT" OrderIndex="48">RUS</LanguageObject><ResourceTypeObject OrderIndex="35">TEXT</ResourceTypeObject><TopicObject OrderIndex="52"><GeneralSubdivision>historia</GeneralSubdivision><GeographicSubdivision><NamedPlace><Identifiers><Identifier>1000001333694</Identifier><Scope>TEL</Scope></Identifiers><PlaceName>Białoruś</PlaceName></NamedPlace></GeographicSubdivision><TopicName>Filozofia</TopicName></TopicObject><TopicObject OrderIndex="53"><TopicName>Historiografia białoruska</TopicName></TopicObject><AudienceObject OrderIndex="40">UNKNOW</AudienceObject><InstantObject OrderIndex="31" TemporalRelation="OP_LOADED"><Time>1358943216000</Time><Granularity>SECOND</Granularity><Uncertain>false</Uncertain></InstantObject><InstantObject OrderIndex="47" TemporalRelation="PUBLICATION"><Time>694224000000</Time><Granularity>YEAR</Granularity><Uncertain>false</Uncertain></InstantObject><MetadataObject FieldSource="PROVIDER" Format="marc21" OrderIndex="34"><record xmlns="info:lc/xmlns/marcxchange-v1"><leader>01025nam a2200289 i 4500</leader><controlfield tag="001">b11532348</controlfield><controlfield tag="008">981002s1992    bw           |000   rus d</controlfield><datafield ind1=" " ind2=" " tag="020"><subfield code="a">5343009093</subfield></datafield><datafield ind1=" " ind2=" " tag="040"><subfield code="a">WA N</subfield><subfield code="c">WA N</subfield></datafield><datafield ind1="1" ind2=" " tag="100"><subfield code="a">Majhrovič, Al' fred Stepanovič.</subfield></datafield><datafield ind1="1" ind2="0" tag="245"><subfield code="a">Poisk istinnogo bytija i čeloveka :</subfield><subfield code="b">iz istorii filosofii i kul' tury Belarusi /</subfield><subfield code="c">A. S. Majchrovič ; nauč. red. D. I. Širokanov ; Akad. nauk Belarusi. In-t filosofii i prava.</subfield></datafield><datafield ind1=" " ind2=" " tag="260"><subfield code="a">Minsk :</subfield><subfield code="b">"Navuka ì téchnìka",</subfield><subfield code="c">1992.</subfield></datafield><datafield ind1=" " ind2=" " tag="300"><subfield code="a">245, [3] s. ;</subfield><subfield code="c">21 cm.</subfield></datafield><datafield ind1=" " ind2=" " tag="500"><subfield code="a">Dotyczy m. in. Polski.</subfield></datafield><datafield ind1=" " ind2="4" tag="650"><subfield code="a">Filozofia</subfield><subfield code="x">historia</subfield><subfield code="z">Białoruś</subfield></datafield><datafield ind1=" " ind2="4" tag="650"><subfield code="a">Historiografia białoruska</subfield></datafield><datafield ind1=" " ind2="4" tag="651"><subfield code="a">Białoruś</subfield><subfield code="x">kultura</subfield></datafield><datafield ind1="1" ind2=" " tag="700"><subfield code="a">Širokanov, Dmitrij Ivanovič</subfield><subfield code="d">(1929- ).</subfield><subfield code="e">Red.</subfield></datafield><datafield ind1=" " ind2=" " tag="902"><subfield code="a">121211</subfield><subfield code="c">990226</subfield><subfield code="d">m</subfield><subfield code="e">a</subfield><subfield code="f">-</subfield><subfield code="g">0</subfield></datafield><datafield ind1=" " ind2=" " tag="907"><subfield code="b">bk   </subfield><subfield code="c">-</subfield></datafield><datafield ind1=" " ind2=" " tag="920"><subfield code="a">5-343-00909-3</subfield></datafield><datafield ind1=" " ind2=" " tag="960"><subfield code="a">II 1.840.970 A</subfield><subfield code="c">bk   </subfield><subfield code="d">30001009534054</subfield><subfield code="h">1994 w 231/20</subfield><subfield code="i">Z 0,10</subfield><subfield code="k">2</subfield><subfield code="l">-</subfield><subfield code="o">0</subfield></datafield><datafield ind1=" " ind2=" " tag="996"><subfield code="a">.b11532348</subfield></datafield><datafield ind1=" " ind2=" " tag="998"><subfield code="a">ik</subfield><subfield code="a">o</subfield></datafield><datafield ind1=" " ind2=" " tag="999"><subfield code="a">JB</subfield><subfield code="b">js</subfield></datafield><datafield ind1=" " ind2=" " tag="999"><subfield code="a">anku</subfield><subfield code="a">mabl</subfield></datafield><datafield ind1=" " ind2=" " tag="999"><subfield code="a">ae</subfield></datafield></record>