</MetadataObject><PersonObject OrderIndex="45" PartyRelation="CREATOR"><PartyName>Al' fred Stepanovič. Majhrovič</PartyName><Identifiers><Identifier>2000076036119</Identifier><Scope>TEL</Scope></Identifiers><FirstNames>Al' fred Stepanovič.</FirstNames><Surname>Majhrovič</Surname></PersonObject><PersonObject OrderIndex="46" PartyRelation="CONTRIBUTOR"><PartyName>Dmitrij Ivanovič Širokanov</PartyName><Identifiers><Identifier>1000021785130</Identifier><Scope>TEL</Scope></Identifiers><LifePeriod><Start><Time>-1293840000000</Time><Granularity>YEAR</Granularity><Uncertain>false</Uncertain></Start></LifePeriod><FirstNames>Dmitrij Ivanovič</FirstNames><Surname>Širokanov</Surname></PersonObject><LinkObject FieldSource="TEL" LinkTarget="CATALOGUE_RECORD" OrderIndex="58"><Url>http://alpha.bn.org.pl/record=b1153234*pol</Url><LinkStatus>NOT_CHECKED</LinkStatus></LinkObject></MetadataRecord>
<MetadataRecord xmlns="http://theeuropeanlibrary.org/internal_object_model" ID="2000048756861"><BibliographicLevelObject OrderIndex="42">MONOGRAPH</BibliographicLevelObject><CatalogingFormObject OrderIndex="41">ISBD</CatalogingFormObject><TitleObject OrderIndex="47" TitleType="MAIN"><Title>Moskva - objetí a pouto</Title><SubTitle>Československo a Sovĕtský svaz 1939-1945 : naděje, hrozba</SubTitle></TitleObject><TitleObject OrderIndex="48" TitleType="ALTERNATIVE"><Title>Československo a Sovĕtský svaz v letech 1939-1945</Title></TitleObject><IdentifierObject IdentifierType="LOCAL_IDENTIFIER" OrderIndex="33"><Identifier>b11532567</Identifier></IdentifierObject><IdentifierObject IdentifierType="OAIPMH" OrderIndex="35"><Identifier>urn:theeuropeanlibrary.org:a0232:b11532567</Identifier></IdentifierObject><IdentifierObject IdentifierType="LOCAL_IDENTIFIER" OrderIndex="44"><Identifier>b11532567</Identifier><Scope>a0232</Scope></IdentifierObject><IdentifierObject IdentifierType="ISBN" OrderIndex="45"><Identifier>8090075118</Identifier></IdentifierObject><IdentifierObject ContextLevel="RECORD" FieldSource="TEL" OrderIndex="65" PartyIdentifierType="TEL"><Identifier>1000020908988</Identifier><Scope>TEL</Scope></IdentifierObject><IdentifierObject ContextLevel="RECORD" FieldSource="TEL" OrderIndex="66" PartyIdentifierType="TEL"><Identifier>2000072265804</Identifier><Scope>TEL</Scope></IdentifierObject><IdentifierObject ContextLevel="RECORD" FieldSource="TEL" OrderIndex="67" SpatialIdentifierType="TEL"><Identifier>1000006215909</Identifier><Scope>TEL</Scope></IdentifierObject><IllustrationsObject OrderIndex="40">NO_ILLUSTRATIONS</IllustrationsObject><SpatialEntityObject OrderIndex="55" SpatialRelation="PUBLICATION"><Identifiers><Identifier>CZ</Identifier><Scope>ISO3166</Scope></Identifiers></SpatialEntityObject><NamedPlaceObject OrderIndex="52" SpatialRelation="PUBLICATION"><Identifiers><Identifier>1000006215909</Identifier><Scope>TEL</Scope></Identifiers><PlaceName>Praha</PlaceName></NamedPlaceObject><NamedPlaceObject OrderIndex="56" SpatialRelation="SUBJECT"><PlaceName>Czechosłowacja</PlaceName><Subject><GeneralSubdivision>polityka</GeneralSubdivision><ChronologicalSubdivision><Instant><Time>-962672400000</Time><Granularity>MONTH</Granularity><Uncertain>false</Uncertain></Instant></ChronologicalSubdivision><GeographicSubdivision><NamedPlace><PlaceName>ZSRR</PlaceName></NamedPlace></GeographicSubdivision></Subject></NamedPlaceObject><NamedPlaceObject OrderIndex="57" SpatialRelation="SUBJECT"><PlaceName>ZSRR</PlaceName><Subject><GeneralSubdivision>polityka</GeneralSubdivision><ChronologicalSubdivision><Instant><Time>-931050000000</Time><Granularity>MONTH</Granularity><Uncertain>false</Uncertain></Instant></ChronologicalSubdivision><GeographicSubdivision><NamedPlace><PlaceName>Czechosłowacja</PlaceName></NamedPlace></GeographicSubdivision></Subject></NamedPlaceObject><PrintTypeObject OrderIndex="39">PRINTED</PrintTypeObject><ProvenanceObject OrderIndex="36"><CollectionId>a0232</CollectionId><ProviderId>P01214</ProviderId></ProvenanceObject><StatusObject OrderIndex="32">UPDATED</StatusObject><TextObject OrderIndex="46" TextRelation="STATEMENT_OF_RESPONSIBILITY"><Content>Toman Brod.</Content></TextObject><TextObject OrderIndex="58" TextRelation="EXTENT"><Content>458, [5] s., [32] s. fot. ;</Content></TextObject><TextObject OrderIndex="59" TextRelation="EXTENT"><Content>24 cm.</Content></TextObject><TextObject NoteType="GENERAL" OrderIndex="60" TextRelation="NOTE"><Content>Dotyczy m. in. Polski.</Content></TextObject><TextObject NoteType="EXTERNAL_INDEXES" OrderIndex="61" TextRelation="NOTE"><Content>NUC CDROM.</Content></TextObject><TextObject NoteType="EXTERNAL_INDEXES" OrderIndex="62" TextRelation="NOTE"><Content>Čes.Kn.</Content></TextObject><TextObject NoteType="EXTERNAL_INDEXES" OrderIndex="63" TextRelation="NOTE"><Content>ČNB.</Content></TextObject><OrganizationObject OrderIndex="53" PartyRelation="PUBLISHER"><PartyName>Listopad</PartyName></OrganizationObject><OrganizationObject OrderIndex="54" PartyRelation="PUBLISHER"><PartyName>Práce [etc.]</PartyName></OrganizationObject><LanguageObject LanguageRelation="LANGUAGE_OF_CONTENT" OrderIndex="51">CZE</LanguageObject><ResourceTypeObject OrderIndex="38">TEXT</ResourceTypeObject><AudienceObject OrderIndex="43">UNKNOW</AudienceObject><InstantObject OrderIndex="34" TemporalRelation="OP_LOADED"><Time>1358943216000</Time><Granularity>SECOND</Granularity><Uncertain>false</Uncertain></InstantObject><InstantObject OrderIndex="50" TemporalRelation="PUBLICATION"><Time>694224000000</Time><Granularity>YEAR</Granularity><Uncertain>false</Uncertain></InstantObject><MetadataObject FieldSource="PROVIDER" Format="marc21" OrderIndex="37"><record xmlns="info:lc/xmlns/marcxchange-v1"><leader>01014nam a2200301 i 4500</leader><controlfield tag="001">b11532567</controlfield><controlfield tag="008">981002s1992    xr           |000 0 cze  </controlfield><datafield ind1=" " ind2=" " tag="020"><subfield code="a">8090075118</subfield></datafield><datafield ind1=" " ind2=" " tag="040"><subfield code="a">WA N</subfield><subfield code="c">WA N</subfield></datafield><datafield ind1="1" ind2=" " tag="100"><subfield code="a">Brod, Toman</subfield><subfield code="d">(1929- ).</subfield></datafield><datafield ind1="1" ind2="0" tag="245"><subfield code="a">Moskva - objetí a pouto :</subfield><subfield code="b">Československo a Sovĕtský svaz 1939-1945 : naděje, hrozba /</subfield><subfield code="c">Toman Brod.</subfield></datafield><datafield ind1="1" ind2="5" tag="246"><subfield code="a">Československo a Sovĕtský svaz v letech 1939-1945</subfield></datafield><datafield ind1=" " ind2=" " tag="260"><subfield code="a">Praha :</subfield><subfield code="b">Listopad :</subfield><subfield code="b">Práce [etc.],</subfield><subfield code="c">1992.</subfield></datafield><datafield ind1=" " ind2=" " tag="300"><subfield code="a">458, [5] s., [32] s. fot. ;</subfield><subfield code="c">24 cm.</subfield></datafield><datafield ind1=" " ind2=" " tag="500"><subfield code="a">Dotyczy m. in. Polski.</subfield></datafield><datafield ind1="3" ind2=" " tag="510"><subfield code="a">NUC CDROM.</subfield></datafield><datafield ind1="3" ind2=" " tag="510"><subfield code="a">Čes.Kn.</subfield></datafield><datafield ind1="3" ind2=" " tag="510"><subfield code="a">ČNB.</subfield></datafield><datafield ind1=" " ind2="4" tag="651"><subfield code="a">Czechosłowacja</subfield><subfield code="x">polityka</subfield><subfield code="z">ZSRR</subfield><subfield code="y">1938-1945 r.</subfield></datafield><datafield ind1=" " ind2="4" tag="651"><subfield code="a">ZSRR</subfield><subfield code="x">polityka</subfield><subfield code="z">Czechosłowacja</subfield><subfield code="y">1939-1945 r.</subfield></datafield><datafield ind1=" " ind2=" " tag="902"><subfield code="a">121211</subfield><subfield code="c">981005</subfield><subfield code="d">m</subfield><subfield code="e">a</subfield><subfield code="f">-</subfield><subfield code="g">0</subfield></datafield><datafield ind1=" " ind2=" " tag="907"><subfield code="b">bk   </subfield><subfield code="c">-</subfield></datafield><datafield ind1=" " ind2=" " tag="920"><subfield code="a">80-900751-1-8</subfield></datafield><datafield ind1=" " ind2=" " tag="960"><subfield code="a">II 1.840.682 A</subfield><subfield code="c">bk   </subfield><subfield code="d">30001009349399</subfield><subfield code="h">1994 w 313/3</subfield><subfield code="i">Z 0,20</subfield><subfield code="k">1</subfield><subfield code="l">-</subfield><subfield code="o">0</subfield></datafield><datafield ind1=" " ind2=" " tag="996"><subfield code="a">.b11532567</subfield></datafield><datafield ind1=" " ind2=" " tag="998"><subfield code="a">ik</subfield><subfield code="a">o</subfield></datafield><datafield ind1=" " ind2=" " tag="999"><subfield code="a">JB</subfield><subfield code="b">js</subfield></datafield><datafield ind1=" " ind2=" " tag="999"><subfield code="a">wakl</subfield><subfield code="a">mabl</subfield></datafield></record>