</MetadataObject><PersonObject OrderIndex="49" PartyRelation="CREATOR"><PartyName>Toman Brod</PartyName><Identifiers><Identifier>2000072265804</Identifier><Scope>TEL</Scope></Identifiers><Identifiers><Identifier>1000020908988</Identifier><Scope>TEL</Scope></Identifiers><LifePeriod><Start><Time>-1293840000000</Time><Granularity>YEAR</Granularity><Uncertain>false</Uncertain></Start></LifePeriod><FirstNames>Toman</FirstNames><Surname>Brod</Surname></PersonObject><LinkObject FieldSource="TEL" LinkTarget="CATALOGUE_RECORD" OrderIndex="64"><Url>http://alpha.bn.org.pl/record=b1153256*pol</Url><LinkStatus>NOT_CHECKED</LinkStatus></LinkObject></MetadataRecord>
<MetadataRecord xmlns="http://theeuropeanlibrary.org/internal_object_model" ID="2000048756851"><BibliographicLevelObject OrderIndex="40">MONOGRAPH</BibliographicLevelObject><CatalogingFormObject OrderIndex="39">ISBD</CatalogingFormObject><TitleObject OrderIndex="45" TitleType="MAIN"><Title>Akkor nem volt Lengyelország ..</Title><SubTitle>Lengyel menekültek Magyarországon (1939-1944)</SubTitle></TitleObject><IdentifierObject IdentifierType="LOCAL_IDENTIFIER" OrderIndex="30"><Identifier>b11532464</Identifier></IdentifierObject><IdentifierObject IdentifierType="OAIPMH" OrderIndex="32"><Identifier>urn:theeuropeanlibrary.org:a0232:b11532464</Identifier></IdentifierObject><IdentifierObject IdentifierType="LOCAL_IDENTIFIER" OrderIndex="42"><Identifier>b11532464</Identifier><Scope>a0232</Scope></IdentifierObject><IdentifierObject IdentifierType="ISBN" OrderIndex="43"><Identifier>9631418669</Identifier></IdentifierObject><IdentifierObject ContextLevel="RECORD" FieldSource="TEL" OrderIndex="59" SpatialIdentifierType="TEL"><Identifier>1000006189649</Identifier><Scope>TEL</Scope></IdentifierObject><IdentifierObject ContextLevel="CONTENT" FieldSource="TEL" OrderIndex="60" SpatialIdentifierType="TEL"><Identifier>1000001515055</Identifier><Scope>TEL</Scope></IdentifierObject><IllustrationsObject OrderIndex="37">ILLUSTRATIONS</IllustrationsObject><IllustrationsObject OrderIndex="38">NO_ILLUSTRATIONS</IllustrationsObject><SpatialEntityObject OrderIndex="51" SpatialRelation="PUBLICATION"><Identifiers><Identifier>HU</Identifier><Scope>ISO3166</Scope></Identifiers></SpatialEntityObject><NamedPlaceObject OrderIndex="49" SpatialRelation="PUBLICATION"><Identifiers><Identifier>1000006189649</Identifier><Scope>TEL</Scope></Identifiers><PlaceName>Budapest</PlaceName></NamedPlaceObject><PrintTypeObject OrderIndex="36">PRINTED</PrintTypeObject><ProvenanceObject OrderIndex="33"><CollectionId>a0232</CollectionId><ProviderId>P01214</ProviderId></ProvenanceObject><StatusObject OrderIndex="29">UPDATED</StatusObject><TextObject OrderIndex="44" TextRelation="STATEMENT_OF_RESPONSIBILITY"><Content>Kapronczay Károly.</Content></TextObject><TextObject OrderIndex="53" TextRelation="FORMAT_UNCONTROLED"><Content>mapy, rys., wykr. ;</Content></TextObject><TextObject OrderIndex="54" TextRelation="EXTENT"><Content>174, [2] s. :</Content></TextObject><TextObject OrderIndex="55" TextRelation="EXTENT"><Content>19 cm.</Content></TextObject><TextObject NoteType="GENERAL" OrderIndex="56" TextRelation="NOTE"><Content>Tł. tyt.: Wtedy Polski nie było ... Uchodźcy polscy na Węgrzech 1939-1944.</Content></TextObject><TextObject OrderIndex="57" TextRelation="DESCRIPTION"><Content>Indeksy.</Content></TextObject><OrganizationObject OrderIndex="50" PartyRelation="PUBLISHER"><PartyName>Magvető</PartyName></OrganizationObject><LanguageObject LanguageRelation="LANGUAGE_OF_CONTENT" OrderIndex="48">HUN</LanguageObject><ResourceTypeObject OrderIndex="35">TEXT</ResourceTypeObject><TopicObject OrderIndex="52"><ChronologicalSubdivision><Instant><Time>-931050000000</Time><Granularity>MONTH</Granularity><Uncertain>false</Uncertain></Instant></ChronologicalSubdivision><GeographicSubdivision><NamedPlace><Identifiers><Identifier>1000001515055</Identifier><Scope>TEL</Scope></Identifiers><PlaceName>Węgry</PlaceName></NamedPlace></GeographicSubdivision><TopicName>Polacy za granicą</TopicName></TopicObject><AudienceObject OrderIndex="41">UNKNOW</AudienceObject><InstantObject OrderIndex="31" TemporalRelation="OP_LOADED"><Time>1358943214000</Time><Granularity>SECOND</Granularity><Uncertain>false</Uncertain></InstantObject><InstantObject OrderIndex="47" TemporalRelation="PUBLICATION"><Time>694224000000</Time><Granularity>YEAR</Granularity><Uncertain>false</Uncertain></InstantObject><MetadataObject FieldSource="PROVIDER" Format="marc21" OrderIndex="34"><record xmlns="info:lc/xmlns/marcxchange-v1"><leader>00970nam a2200277 i 4500</leader><controlfield tag="001">b11532464</controlfield><controlfield tag="008">981002s1992    hu a         |001 0 hun d</controlfield><datafield ind1=" " ind2=" " tag="020"><subfield code="a">9631418669</subfield></datafield><datafield ind1=" " ind2=" " tag="040"><subfield code="a">WA N</subfield><subfield code="c">WA N</subfield></datafield><datafield ind1="1" ind2=" " tag="100"><subfield code="a">Kapronczay, Károly</subfield><subfield code="d">(1941- ).</subfield></datafield><datafield ind1="1" ind2="0" tag="245"><subfield code="a">Akkor nem volt Lengyelország ... :</subfield><subfield code="b">Lengyel menekültek Magyarországon (1939-1944) /</subfield><subfield code="c">Kapronczay Károly.</subfield></datafield><datafield ind1=" " ind2=" " tag="260"><subfield code="a">Budapest :</subfield><subfield code="b">Magvető,</subfield><subfield code="c">1992.</subfield></datafield><datafield ind1=" " ind2=" " tag="300"><subfield code="a">174, [2] s. :</subfield><subfield code="b">mapy, rys., wykr. ;</subfield><subfield code="c">19 cm.</subfield></datafield><datafield ind1=" " ind2=" " tag="500"><subfield code="a">Tł. tyt.: Wtedy Polski nie było ... Uchodźcy polscy na Węgrzech 1939-1944.</subfield></datafield><datafield ind1=" " ind2=" " tag="504"><subfield code="a">Indeksy.</subfield></datafield><datafield ind1=" " ind2="4" tag="650"><subfield code="a">Polacy za granicą</subfield><subfield code="z">Węgry</subfield><subfield code="y">1939-1945 r.</subfield></datafield><datafield ind1=" " ind2=" " tag="902"><subfield code="a">121219</subfield><subfield code="c">981005</subfield><subfield code="d">m</subfield><subfield code="e">a</subfield><subfield code="f">-</subfield><subfield code="g">0</subfield></datafield><datafield ind1=" " ind2=" " tag="907"><subfield code="b">bk   </subfield><subfield code="c">-</subfield></datafield><datafield ind1=" " ind2=" " tag="920"><subfield code="a">963-14-1866-9</subfield></datafield><datafield ind1=" " ind2=" " tag="960"><subfield code="a">I 1.764.628</subfield><subfield code="c">bk   </subfield><subfield code="d">30001008919494</subfield><subfield code="h">1993 w 232/3</subfield><subfield code="i">Z 0,10</subfield><subfield code="k">1</subfield><subfield code="l">-</subfield><subfield code="o">1</subfield></datafield><datafield ind1=" " ind2=" " tag="960"><subfield code="a">I 1.379.225 A</subfield><subfield code="c">bk   </subfield><subfield code="h">1992 w 668/6</subfield><subfield code="i">Z 0,00</subfield><subfield code="l">-</subfield><subfield code="o">0</subfield></datafield><datafield ind1=" " ind2=" " tag="996"><subfield code="a">.b11532464</subfield></datafield><datafield ind1=" " ind2=" " tag="998"><subfield code="a">ik</subfield><subfield code="a">o</subfield></datafield><datafield ind1=" " ind2=" " tag="999"><subfield code="a">JB</subfield><subfield code="b">js</subfield></datafield><datafield ind1=" " ind2=" " tag="999"><subfield code="a">este</subfield><subfield code="a">piju</subfield></datafield><datafield ind1=" " ind2=" " tag="999"><subfield code="a">mb</subfield></datafield></record>