</MetadataObject><PersonObject OrderIndex="42" PartyRelation="CREATOR"><PartyName>Andrzej Szczypiorski</PartyName><Identifiers><Identifier>1000021796456</Identifier><Scope>TEL</Scope></Identifiers><Identifiers><Identifier>3000002904421</Identifier><Scope>TEL</Scope></Identifiers><Identifiers><Identifier>1000021789113</Identifier><Scope>TEL</Scope></Identifiers><LifePeriod><Start><Time>-1325462400000</Time><Granularity>YEAR</Granularity><Uncertain>false</Uncertain></Start><End><Time>946684800000</Time><Granularity>YEAR</Granularity><Uncertain>false</Uncertain></End></LifePeriod><FirstNames>Andrzej</FirstNames><Surname>Szczypiorski</Surname></PersonObject><PersonObject OrderIndex="43" PartyRelation="CONTRIBUTOR"><PartyName>Klara. Główczewska</PartyName><FirstNames>Klara.</FirstNames><Surname>Główczewska</Surname></PersonObject><LinkObject FieldSource="TEL" LinkTarget="CATALOGUE_RECORD" OrderIndex="52"><Url>http://alpha.bn.org.pl/record=b1153204*pol</Url><LinkStatus>NOT_CHECKED</LinkStatus></LinkObject></MetadataRecord>
<MetadataRecord xmlns="http://theeuropeanlibrary.org/internal_object_model" ID="2000048756831"><BibliographicLevelObject OrderIndex="44">MONOGRAPH</BibliographicLevelObject><CatalogingFormObject OrderIndex="43">ISBD</CatalogingFormObject><TitleObject OrderIndex="49" TitleType="MAIN"><Title>From out of the firestorm</Title><SubTitle>a memoir of the Holocaust</SubTitle></TitleObject><IdentifierObject IdentifierType="LOCAL_IDENTIFIER" OrderIndex="35"><Identifier>b11532269</Identifier></IdentifierObject><IdentifierObject IdentifierType="OAIPMH" OrderIndex="37"><Identifier>urn:theeuropeanlibrary.org:a0232:b11532269</Identifier></IdentifierObject><IdentifierObject IdentifierType="LOCAL_IDENTIFIER" OrderIndex="46"><Identifier>b11532269</Identifier><Scope>a0232</Scope></IdentifierObject><IdentifierObject IdentifierType="ISBN" OrderIndex="47"><Identifier>1561710210</Identifier></IdentifierObject><IdentifierObject ContextLevel="RECORD" FieldSource="TEL" OrderIndex="69" PartyIdentifierType="TEL"><Identifier>1000016018127</Identifier><Scope>TEL</Scope></IdentifierObject><IdentifierObject ContextLevel="RECORD" FieldSource="TEL" OrderIndex="70" PartyIdentifierType="TEL"><Identifier>1000007150849</Identifier><Scope>TEL</Scope></IdentifierObject><IdentifierObject ContextLevel="RECORD" FieldSource="TEL" OrderIndex="71" PartyIdentifierType="TEL"><Identifier>1000012583549</Identifier><Scope>TEL</Scope></IdentifierObject><IdentifierObject ContextLevel="RECORD" FieldSource="TEL" OrderIndex="72" PartyIdentifierType="TEL"><Identifier>1000012582655</Identifier><Scope>TEL</Scope></IdentifierObject><IdentifierObject ContextLevel="CONTENT" FieldSource="TEL" OrderIndex="73" PartyIdentifierType="TEL"><Identifier>1000016018127</Identifier><Scope>TEL</Scope></IdentifierObject><IdentifierObject ContextLevel="CONTENT" FieldSource="TEL" OrderIndex="74" PartyIdentifierType="TEL"><Identifier>1000007150849</Identifier><Scope>TEL</Scope></IdentifierObject><IdentifierObject ContextLevel="CONTENT" FieldSource="TEL" OrderIndex="75" PartyIdentifierType="TEL"><Identifier>1000012583549</Identifier><Scope>TEL</Scope></IdentifierObject><IdentifierObject ContextLevel="CONTENT" FieldSource="TEL" OrderIndex="76" PartyIdentifierType="TEL"><Identifier>1000012582655</Identifier><Scope>TEL</Scope></IdentifierObject><IdentifierObject ContextLevel="RECORD" FieldSource="TEL" OrderIndex="77" SpatialIdentifierType="TEL"><Identifier>1000010381289</Identifier><Scope>TEL</Scope></IdentifierObject><IllustrationsObject OrderIndex="42">NO_ILLUSTRATIONS</IllustrationsObject><SpatialEntityObject OrderIndex="56" SpatialRelation="PUBLICATION"><Identifiers><Identifier>US</Identifier><Scope>ISO3166</Scope></Identifiers></SpatialEntityObject><NamedPlaceObject OrderIndex="54" SpatialRelation="PUBLICATION"><Identifiers><Identifier>1000010381289</Identifier><Scope>TEL</Scope></Identifiers><PlaceName>New York</PlaceName></NamedPlaceObject><PrintTypeObject OrderIndex="41">PRINTED</PrintTypeObject><ProvenanceObject OrderIndex="38"><CollectionId>a0232</CollectionId><ProviderId>P01214</ProviderId></ProvenanceObject><StatusObject OrderIndex="34">UPDATED</StatusObject><TextObject OrderIndex="48" TextRelation="STATEMENT_OF_RESPONSIBILITY"><Content>by Rachela and Sam Walshaw.</Content></TextObject><TextObject OrderIndex="63" TextRelation="EXTENT"><Content>XII, [3], 154 s. ;</Content></TextObject><TextObject OrderIndex="64" TextRelation="EXTENT"><Content>24 cm.</Content></TextObject><TextObject NoteType="GENERAL" OrderIndex="65" TextRelation="NOTE"><Content>Dotyczy wydarzeń na terenie Polski.</Content></TextObject><TextObject NoteType="EXTERNAL_INDEXES" OrderIndex="66" TextRelation="NOTE"><Content>NUC 1991.</Content></TextObject><TextObject NoteType="EXTERNAL_INDEXES" OrderIndex="67" TextRelation="NOTE"><Content>NUC 1992.</Content></TextObject><OrganizationObject OrderIndex="55" PartyRelation="PUBLISHER"><PartyName>Shapolsky Publ.</PartyName></OrganizationObject><LanguageObject LanguageRelation="LANGUAGE_OF_CONTENT" OrderIndex="53">ENG</LanguageObject><ResourceTypeObject OrderIndex="40">TEXT</ResourceTypeObject><TopicObject OrderIndex="59"><TopicName>Holocaust</TopicName></TopicObject><TopicObject OrderIndex="60"><ChronologicalSubdivision><Instant><Time>-931050000000</Time><Granularity>MONTH</Granularity><Uncertain>false</Uncertain></Instant></ChronologicalSubdivision><GeographicSubdivision><NamedPlace><PlaceName>Polska</PlaceName></NamedPlace></GeographicSubdivision><TopicName>Żydzi</TopicName></TopicObject><TopicObject OrderIndex="61"><ChronologicalSubdivision><Instant><Time>-61536240000000</Time><Granularity>YEAR</Granularity><Uncertain>false</Uncertain></Instant></ChronologicalSubdivision><TopicName>Pamiętniki amerykańskie</TopicName></TopicObject><TopicObject OrderIndex="62"><ChronologicalSubdivision><Instant><Time>-931050000000</Time><Granularity>MONTH</Granularity><Uncertain>false</Uncertain></Instant></ChronologicalSubdivision><TopicName>Pamiętniki żydowskie</TopicName></TopicObject><AudienceObject OrderIndex="45">UNKNOW</AudienceObject><InstantObject OrderIndex="36" TemporalRelation="OP_LOADED"><Time>1358943207000</Time><Granularity>SECOND</Granularity><Uncertain>false</Uncertain></InstantObject><InstantObject OrderIndex="52" TemporalRelation="PUBLICATION"><Time>662688000000</Time><Granularity>YEAR</Granularity><Uncertain>false</Uncertain></InstantObject><MetadataObject FieldSource="PROVIDER" Format="marc21" OrderIndex="39"><record xmlns="info:lc/xmlns/marcxchange-v1"><leader>01172nam a2200373 i 4500</leader><controlfield tag="001">b11532269</controlfield><controlfield tag="008">981002s1991    xxu          |000 0 eng  </controlfield><datafield ind1=" " ind2=" " tag="020"><subfield code="a">1561710210</subfield></datafield><datafield ind1=" " ind2=" " tag="040"><subfield code="a">WA N</subfield><subfield code="c">WA N</subfield></datafield><datafield ind1="1" ind2=" " tag="100"><subfield code="a">Walshaw, Rachela.</subfield></datafield><datafield ind1="1" ind2="0" tag="245"><subfield code="a">From out of the firestorm :</subfield><subfield code="b">a memoir of the Holocaust /</subfield><subfield code="c">by Rachela and Sam Walshaw.</subfield></datafield><datafield ind1=" " ind2=" " tag="260"><subfield code="a">New York :</subfield><subfield code="b">Shapolsky Publ.,</subfield><subfield code="c">cop. 1991.</subfield></datafield><datafield ind1=" " ind2=" " tag="300"><subfield code="a">XII, [3], 154 s. ;</subfield><subfield code="c">24 cm.</subfield></datafield><datafield ind1="1" ind2=" " tag="490"><subfield code="a">A Shapolsky Book</subfield></datafield><datafield ind1=" " ind2=" " tag="500"><subfield code="a">Dotyczy wydarzeń na terenie Polski.</subfield></datafield><datafield ind1="3" ind2=" " tag="510"><subfield code="a">NUC 1991.</subfield></datafield><datafield ind1="3" ind2=" " tag="510"><subfield code="a">NUC 1992.</subfield></datafield><datafield ind1="1" ind2="4" tag="600"><subfield code="a">Walshaw, Rachela</subfield></datafield><datafield ind1="1" ind2="4" tag="600"><subfield code="a">Walshaw, Sam</subfield></datafield><datafield ind1=" " ind2="4" tag="650"><subfield code="a">Holocaust</subfield></datafield><datafield ind1=" " ind2="4" tag="650"><subfield code="a">Żydzi</subfield><subfield code="z">Polska</subfield><subfield code="y">1939-1945 r.</subfield></datafield><datafield ind1=" " ind2="4" tag="655"><subfield code="a">Pamiętniki amerykańskie</subfield><subfield code="y">20 w.</subfield></datafield><datafield ind1=" " ind2="4" tag="655"><subfield code="a">Pamiętniki żydowskie</subfield><subfield code="y">1939-1945 r.</subfield></datafield><datafield ind1="1" ind2=" " tag="700"><subfield code="a">Walshaw, Sam.</subfield></datafield><datafield ind1=" " ind2="2" tag="830"><subfield code="a">A Shapolsky Book</subfield></datafield><datafield ind1=" " ind2=" " tag="902"><subfield code="a">121211</subfield><subfield code="c">981005</subfield><subfield code="d">m</subfield><subfield code="e">a</subfield><subfield code="f">-</subfield><subfield code="g">0</subfield></datafield><datafield ind1=" " ind2=" " tag="907"><subfield code="b">bk   </subfield><subfield code="c">-</subfield></datafield><datafield ind1=" " ind2=" " tag="920"><subfield code="a">1-56171-021-0</subfield></datafield><datafield ind1=" " ind2=" " tag="960"><subfield code="a">II 1.702.427</subfield><subfield code="c">bk   </subfield><subfield code="d">30001005175007</subfield><subfield code="h">1994 w 584/26</subfield><subfield code="i">Z 0,15</subfield><subfield code="k">2</subfield><subfield code="l">-</subfield><subfield code="o">1</subfield></datafield><datafield ind1=" " ind2=" " tag="960"><subfield code="a">II 1.357.488 A</subfield><subfield code="c">bk   </subfield><subfield code="h">1993 w 971/6</subfield><subfield code="i">Z 0,00</subfield><subfield code="l">-</subfield><subfield code="o">0</subfield></datafield><datafield ind1=" " ind2=" " tag="996"><subfield code="a">.b11532269</subfield></datafield><datafield ind1=" " ind2=" " tag="998"><subfield code="a">ik</subfield><subfield code="a">o</subfield></datafield><datafield ind1=" " ind2=" " tag="999"><subfield code="a">JB</subfield><subfield code="b">JS</subfield><subfield code="b">ae</subfield></datafield><datafield ind1=" " ind2=" " tag="999"><subfield code="a">sawi</subfield></datafield></record>