</MetadataObject><PersonObject OrderIndex="50" PartyRelation="CREATOR"><PartyName>Rachela. Walshaw</PartyName><Identifiers><Identifier>1000012583549</Identifier><Scope>TEL</Scope></Identifiers><Identifiers><Identifier>1000012582655</Identifier><Scope>TEL</Scope></Identifiers><FirstNames>Rachela.</FirstNames><Surname>Walshaw</Surname></PersonObject><PersonObject OrderIndex="51" PartyRelation="CONTRIBUTOR"><PartyName>Sam. Walshaw</PartyName><Identifiers><Identifier>1000016018127</Identifier><Scope>TEL</Scope></Identifiers><Identifiers><Identifier>1000007150849</Identifier><Scope>TEL</Scope></Identifiers><FirstNames>Sam.</FirstNames><Surname>Walshaw</Surname></PersonObject><PersonObject OrderIndex="57" PartyRelation="SUBJECT"><PartyName>Rachela Walshaw</PartyName><Identifiers><Identifier>1000012583549</Identifier><Scope>TEL</Scope></Identifiers><Identifiers><Identifier>1000012582655</Identifier><Scope>TEL</Scope></Identifiers><FirstNames>Rachela</FirstNames><Surname>Walshaw</Surname></PersonObject><PersonObject OrderIndex="58" PartyRelation="SUBJECT"><PartyName>Sam Walshaw</PartyName><Identifiers><Identifier>1000016018127</Identifier><Scope>TEL</Scope></Identifiers><Identifiers><Identifier>1000007150849</Identifier><Scope>TEL</Scope></Identifiers><FirstNames>Sam</FirstNames><Surname>Walshaw</Surname></PersonObject><LinkObject FieldSource="TEL" LinkTarget="CATALOGUE_RECORD" OrderIndex="68"><Url>http://alpha.bn.org.pl/record=b1153226*pol</Url><LinkStatus>NOT_CHECKED</LinkStatus></LinkObject></MetadataRecord>
<MetadataRecord xmlns="http://theeuropeanlibrary.org/internal_object_model" ID="2000048756821"><BibliographicLevelObject OrderIndex="41">MONOGRAPH</BibliographicLevelObject><CatalogingFormObject OrderIndex="40">ISBD</CatalogingFormObject><TitleObject OrderIndex="46" TitleType="MAIN"><Title>Čto takoe lazer</Title><SubTitle>fizičeskie osnovy, ustrojstvo, rabota, svojstva, priloženija</SubTitle></TitleObject><TitleObject OrderIndex="47" TitleType="ALTERNATIVE"><Title>Co to jest laser</Title></TitleObject><IdentifierObject IdentifierType="LOCAL_IDENTIFIER" OrderIndex="31"><Identifier>b11532166</Identifier></IdentifierObject><IdentifierObject IdentifierType="OAIPMH" OrderIndex="33"><Identifier>urn:theeuropeanlibrary.org:a0232:b11532166</Identifier></IdentifierObject><IdentifierObject IdentifierType="LOCAL_IDENTIFIER" OrderIndex="43"><Identifier>b11532166</Identifier><Scope>a0232</Scope></IdentifierObject><IdentifierObject IdentifierType="ISBN" OrderIndex="44"><Identifier>5339001040</Identifier></IdentifierObject><IdentifierObject ContextLevel="RECORD" FieldSource="TEL" OrderIndex="61" PartyIdentifierType="TEL"><Identifier>1000015664303</Identifier><Scope>TEL</Scope></IdentifierObject><IdentifierObject ContextLevel="RECORD" FieldSource="TEL" OrderIndex="62" PartyIdentifierType="TEL"><Identifier>1000021662842</Identifier><Scope>TEL</Scope></IdentifierObject><IdentifierObject ContextLevel="RECORD" FieldSource="TEL" OrderIndex="63" PartyIdentifierType="TEL"><Identifier>2000075170137</Identifier><Scope>TEL</Scope></IdentifierObject><IdentifierObject ContextLevel="RECORD" FieldSource="TEL" OrderIndex="64" SpatialIdentifierType="TEL"><Identifier>1000001322574</Identifier><Scope>TEL</Scope></IdentifierObject><IllustrationsObject OrderIndex="38">ILLUSTRATIONS</IllustrationsObject><IllustrationsObject OrderIndex="39">NO_ILLUSTRATIONS</IllustrationsObject><SpatialEntityObject OrderIndex="54" SpatialRelation="PUBLICATION"><Identifiers><Identifier>BY</Identifier><Scope>ISO3166</Scope></Identifiers></SpatialEntityObject><NamedPlaceObject OrderIndex="52" SpatialRelation="PUBLICATION"><Identifiers><Identifier>1000001322574</Identifier><Scope>TEL</Scope></Identifiers><PlaceName>Minsk</PlaceName></NamedPlaceObject><PrintTypeObject OrderIndex="37">PRINTED</PrintTypeObject><ProvenanceObject OrderIndex="34"><CollectionId>a0232</CollectionId><ProviderId>P01214</ProviderId></ProvenanceObject><StatusObject OrderIndex="30">UPDATED</StatusObject><TextObject OrderIndex="45" TextRelation="STATEMENT_OF_RESPONSIBILITY"><Content>Zbignev Plochockij ; [per. s pol. É. T. Bruka-Levinsona].</Content></TextObject><TextObject OrderIndex="57" TextRelation="FORMAT_UNCONTROLED"><Content>rys. ;</Content></TextObject><TextObject OrderIndex="58" TextRelation="EXTENT"><Content>206, [2] s. :</Content></TextObject><TextObject OrderIndex="59" TextRelation="EXTENT"><Content>17 cm.</Content></TextObject><OrganizationObject OrderIndex="53" PartyRelation="PUBLISHER"><PartyName>"Vys~ejšaja škola"</PartyName></OrganizationObject><LanguageObject LanguageRelation="LANGUAGE_OF_CONTENT" OrderIndex="51">RUS</LanguageObject><ResourceTypeObject OrderIndex="36">TEXT</ResourceTypeObject><TopicObject OrderIndex="55"><TopicName>Lasery</TopicName></TopicObject><TopicObject OrderIndex="56"><TopicName>Wydawnictwa popularne</TopicName></TopicObject><AudienceObject OrderIndex="42">UNKNOW</AudienceObject><InstantObject OrderIndex="32" TemporalRelation="OP_LOADED"><Time>1358943216000</Time><Granularity>SECOND</Granularity><Uncertain>false</Uncertain></InstantObject><InstantObject OrderIndex="50" TemporalRelation="PUBLICATION"><Time>536457600000</Time><Granularity>YEAR</Granularity><Uncertain>false</Uncertain></InstantObject><MetadataObject FieldSource="PROVIDER" Format="marc21" OrderIndex="35"><record xmlns="info:lc/xmlns/marcxchange-v1"><leader>00983nam a2200301 i 4500</leader><controlfield tag="001">b11532166</controlfield><controlfield tag="008">981002s1987    bw a         |000 0 rus  </controlfield><datafield ind1=" " ind2=" " tag="020"><subfield code="a">5339001040</subfield></datafield><datafield ind1=" " ind2=" " tag="040"><subfield code="a">WA N</subfield><subfield code="c">WA N</subfield></datafield><datafield ind1="1" ind2=" " tag="041"><subfield code="a">rus</subfield><subfield code="h">pol</subfield></datafield><datafield ind1="1" ind2=" " tag="100"><subfield code="a">Płochocki, Zbigniew.</subfield></datafield><datafield ind1="1" ind2="0" tag="245"><subfield code="a">Čto takoe lazer :</subfield><subfield code="b">fizičeskie osnovy, ustrojstvo, rabota, svojstva, priloženija /</subfield><subfield code="c">Zbignev Plochockij ; [per. s pol. É. T. Bruka-Levinsona].</subfield></datafield><datafield ind1="1" ind2=" " tag="246"><subfield code="i">Tyt. oryg.:</subfield><subfield code="a">Co to jest laser</subfield></datafield><datafield ind1=" " ind2=" " tag="260"><subfield code="a">Minsk :</subfield><subfield code="b">"Vys~ejšaja škola",</subfield><subfield code="c">1987.</subfield></datafield><datafield ind1=" " ind2=" " tag="300"><subfield code="a">206, [2] s. :</subfield><subfield code="b">rys. ;</subfield><subfield code="c">17 cm.</subfield></datafield><datafield ind1=" " ind2="4" tag="650"><subfield code="a">Lasery</subfield></datafield><datafield ind1=" " ind2="4" tag="655"><subfield code="a">Wydawnictwa popularne</subfield></datafield><datafield ind1="1" ind2=" " tag="700"><subfield code="a">Bruk-Levinson, É. T.</subfield></datafield><datafield ind1=" " ind2=" " tag="902"><subfield code="a">121211</subfield><subfield code="c">981005</subfield><subfield code="d">m</subfield><subfield code="e">a</subfield><subfield code="f">-</subfield><subfield code="g">0</subfield></datafield><datafield ind1=" " ind2=" " tag="907"><subfield code="b">bk   </subfield><subfield code="c">-</subfield></datafield><datafield ind1=" " ind2=" " tag="920"><subfield code="a">5-339-00104-0</subfield></datafield><datafield ind1=" " ind2=" " tag="960"><subfield code="a">I 1.764.644</subfield><subfield code="c">bk   </subfield><subfield code="d">30001008919647</subfield><subfield code="h">1994 w 231/25</subfield><subfield code="i">Z 0,10</subfield><subfield code="k">1</subfield><subfield code="l">-</subfield><subfield code="o">1</subfield></datafield><datafield ind1=" " ind2=" " tag="960"><subfield code="a">I 1.370.705 A</subfield><subfield code="c">bk   </subfield><subfield code="h">1988 w 402/29</subfield><subfield code="i">Z 0,00</subfield><subfield code="l">-</subfield><subfield code="o">0</subfield></datafield><datafield ind1=" " ind2=" " tag="996"><subfield code="a">.b11532166</subfield></datafield><datafield ind1=" " ind2=" " tag="998"><subfield code="a">ik</subfield><subfield code="a">o</subfield></datafield><datafield ind1=" " ind2=" " tag="999"><subfield code="a">JB</subfield><subfield code="b">js</subfield></datafield><datafield ind1=" " ind2=" " tag="999"><subfield code="a">piju</subfield></datafield><datafield ind1=" " ind2=" " tag="999"><subfield code="a">mb</subfield></datafield></record>