</MetadataObject><PersonObject OrderIndex="48" PartyRelation="CREATOR"><PartyName>Zbigniew. Płochocki</PartyName><Identifiers><Identifier>1000015664303</Identifier><Scope>TEL</Scope></Identifiers><Identifiers><Identifier>2000075170137</Identifier><Scope>TEL</Scope></Identifiers><FirstNames>Zbigniew.</FirstNames><Surname>Płochocki</Surname></PersonObject><PersonObject OrderIndex="49" PartyRelation="CONTRIBUTOR"><PartyName>É. T. Bruk-Levinson</PartyName><Identifiers><Identifier>1000021662842</Identifier><Scope>TEL</Scope></Identifiers><FirstNames>É. T.</FirstNames><Surname>Bruk-Levinson</Surname></PersonObject><LinkObject FieldSource="TEL" LinkTarget="CATALOGUE_RECORD" OrderIndex="60"><Url>http://alpha.bn.org.pl/record=b1153216*pol</Url><LinkStatus>NOT_CHECKED</LinkStatus></LinkObject></MetadataRecord>
<MetadataRecord xmlns="http://theeuropeanlibrary.org/internal_object_model" ID="2000048756907"><BibliographicLevelObject OrderIndex="46">MONOGRAPH</BibliographicLevelObject><CatalogingFormObject OrderIndex="45">ISBD</CatalogingFormObject><TitleObject OrderIndex="50" TitleType="MAIN"><Title>The saga of Roncesvalles</Title></TitleObject><IdentifierObject IdentifierType="LOCAL_IDENTIFIER" OrderIndex="36"><Identifier>b1153302x</Identifier></IdentifierObject><IdentifierObject IdentifierType="OAIPMH" OrderIndex="38"><Identifier>urn:theeuropeanlibrary.org:a0232:b1153302x</Identifier></IdentifierObject><IdentifierObject IdentifierType="LOCAL_IDENTIFIER" OrderIndex="48"><Identifier>b1153302x</Identifier><Scope>a0232</Scope></IdentifierObject><IdentifierObject IdentifierType="ISBN" OrderIndex="49"><Identifier>0969473737</Identifier></IdentifierObject><IdentifierObject ContextLevel="RECORD" FieldSource="TEL" OrderIndex="71" PartyIdentifierType="TEL"><Identifier>1000021345973</Identifier><Scope>TEL</Scope></IdentifierObject><IdentifierObject ContextLevel="RECORD" FieldSource="TEL" OrderIndex="72" SpatialIdentifierType="TEL"><Identifier>1000012479447</Identifier><Scope>TEL</Scope></IdentifierObject><IllustrationsObject OrderIndex="43">ILLUSTRATIONS</IllustrationsObject><IllustrationsObject OrderIndex="44">NO_ILLUSTRATIONS</IllustrationsObject><SpatialEntityObject OrderIndex="60" SpatialRelation="PUBLICATION"><Identifiers><Identifier>CA</Identifier><Scope>ISO3166</Scope></Identifiers></SpatialEntityObject><NamedPlaceObject OrderIndex="58" SpatialRelation="PUBLICATION"><Identifiers><Identifier>1000012479447</Identifier><Scope>TEL</Scope></Identifiers><PlaceName>Toronto</PlaceName></NamedPlaceObject><NamedPlaceObject OrderIndex="62" SpatialRelation="SUBJECT"><PlaceName>Toronto (Kanada)</PlaceName><Subject><GeneralSubdivision>Roncesvalles Avenue</GeneralSubdivision></Subject></NamedPlaceObject><NamedPlaceObject OrderIndex="63" SpatialRelation="SUBJECT"><PlaceName>Toronto (Kanada)</PlaceName><Subject><GeneralSubdivision>stosunki etniczne</GeneralSubdivision></Subject></NamedPlaceObject><PrintTypeObject OrderIndex="42">PRINTED</PrintTypeObject><ProvenanceObject OrderIndex="39"><CollectionId>a0232</CollectionId><ProviderId>P01214</ProviderId></ProvenanceObject><StatusObject OrderIndex="35">UPDATED</StatusObject><TextObject OrderIndex="64" TextRelation="FORMAT_UNCONTROLED"><Content>faks., fot., mapy, portr. ;</Content></TextObject><TextObject OrderIndex="65" TextRelation="EXTENT"><Content>[10], 278 s., [40] s. tabl. :</Content></TextObject><TextObject OrderIndex="66" TextRelation="EXTENT"><Content>21 cm.</Content></TextObject><TextObject NoteType="GENERAL" OrderIndex="67" TextRelation="NOTE"><Content>Tekst równol. pol. i ang.</Content></TextObject><TextObject OrderIndex="68" TextRelation="DESCRIPTION"><Content>Bibliogr. s. 133-135. - Indeks.</Content></TextObject><TextObject NoteType="EXTERNAL_INDEXES" OrderIndex="69" TextRelation="NOTE"><Content>NUC 1993.</Content></TextObject><OrganizationObject OrderIndex="59" PartyRelation="PUBLISHER"><PartyName>s. n.</PartyName></OrganizationObject><LanguageObject LanguageRelation="LANGUAGE_OF_CONTENT" OrderIndex="56">ENG</LanguageObject><LanguageObject LanguageRelation="LANGUAGE_OF_CONTENT" OrderIndex="57">POL</LanguageObject><ResourceTypeObject OrderIndex="41">TEXT</ResourceTypeObject><TopicObject OrderIndex="61"><GeographicSubdivision><NamedPlace><PlaceName>Kanada</PlaceName></NamedPlace></GeographicSubdivision><TopicName>Polacy za granicą</TopicName></TopicObject><AudienceObject OrderIndex="47">UNKNOW</AudienceObject><InstantObject OrderIndex="37" TemporalRelation="OP_LOADED"><Time>1358943216000</Time><Granularity>SECOND</Granularity><Uncertain>false</Uncertain></InstantObject><InstantObject OrderIndex="55" TemporalRelation="PUBLICATION"><Time>725846400000</Time><Granularity>YEAR</Granularity><Uncertain>false</Uncertain></InstantObject><MetadataObject FieldSource="PROVIDER" Format="marc21" OrderIndex="40"><record xmlns="info:lc/xmlns/marcxchange-v1"><leader>01324nam a2200349 i 4500</leader><controlfield tag="001">b1153302x</controlfield><controlfield tag="008">981002s1993    xxca         |001 0 eng d</controlfield><datafield ind1=" " ind2=" " tag="020"><subfield code="a">0969473737</subfield></datafield><datafield ind1=" " ind2=" " tag="040"><subfield code="a">WA N</subfield><subfield code="c">WA N</subfield></datafield><datafield ind1="0" ind2=" " tag="041"><subfield code="a">engpol</subfield></datafield><datafield ind1="1" ind2=" " tag="100"><subfield code="a">Pawłowski, Andrzej</subfield><subfield code="c">(lekarz).</subfield></datafield><datafield ind1="1" ind2="4" tag="245"><subfield code="a">The saga of Roncesvalles /</subfield><subfield code="c">Andrew Pawlowski ; [transl. by Anna Porczynski ; ed. by Josef Meszorer and Jacek Niecko].</subfield></datafield><datafield ind1=" " ind2=" " tag="260"><subfield code="a">Toronto :</subfield><subfield code="b">[s. n.],</subfield><subfield code="c">1993</subfield><subfield code="e">(Toronto :</subfield><subfield code="f">The Alliancer (Związkowiec)).</subfield></datafield><datafield ind1=" " ind2=" " tag="300"><subfield code="a">[10], 278 s., [40] s. tabl. :</subfield><subfield code="b">faks., fot., mapy, portr. ;</subfield><subfield code="c">21 cm.</subfield></datafield><datafield ind1=" " ind2=" " tag="500"><subfield code="a">Tekst równol. pol. i ang.</subfield></datafield><datafield ind1=" " ind2=" " tag="504"><subfield code="a">Bibliogr. s. 133-135. - Indeks.</subfield></datafield><datafield ind1="3" ind2=" " tag="510"><subfield code="a">NUC 1993.</subfield></datafield><datafield ind1=" " ind2="4" tag="650"><subfield code="a">Polacy za granicą</subfield><subfield code="z">Kanada</subfield></datafield><datafield ind1=" " ind2="4" tag="651"><subfield code="a">Toronto (Kanada)</subfield><subfield code="x">Roncesvalles Avenue</subfield></datafield><datafield ind1=" " ind2="4" tag="651"><subfield code="a">Toronto (Kanada)</subfield><subfield code="x">stosunki etniczne</subfield></datafield><datafield ind1="1" ind2=" " tag="700"><subfield code="a">Porczynski, Anna.</subfield><subfield code="e">Tł.</subfield></datafield><datafield ind1="1" ind2=" " tag="700"><subfield code="a">Meszorer Josef.</subfield><subfield code="e">Red.</subfield></datafield><datafield ind1="1" ind2=" " tag="700"><subfield code="a">Niecko, Jacek.</subfield><subfield code="e">Red.</subfield></datafield><datafield ind1=" " ind2=" " tag="902"><subfield code="a">121219</subfield><subfield code="c">981005</subfield><subfield code="d">m</subfield><subfield code="e">a</subfield><subfield code="f">-</subfield><subfield code="g">0</subfield></datafield><datafield ind1=" " ind2=" " tag="907"><subfield code="b">bk   </subfield><subfield code="c">-</subfield></datafield><datafield ind1=" " ind2=" " tag="920"><subfield code="a">0-9694737-3-7</subfield></datafield><datafield ind1=" " ind2=" " tag="960"><subfield code="a">II 2.728.887</subfield><subfield code="c">bk   </subfield><subfield code="d">30001012998867</subfield><subfield code="e">2.728.887</subfield><subfield code="f">2010.10.28</subfield><subfield code="g">MSZ Warszawa</subfield><subfield code="h">2010 d 626/4</subfield><subfield code="i">Z 150,00</subfield><subfield code="j">2010.12.13</subfield><subfield code="k">1</subfield><subfield code="l">-</subfield><subfield code="o">1</subfield></datafield><datafield ind1=" " ind2=" " tag="960"><subfield code="a">II 1.840.835 A</subfield><subfield code="c">bk   </subfield><subfield code="d">30001007409460</subfield><subfield code="h">1994 w 372/12</subfield><subfield code="i">Z 0,60</subfield><subfield code="k">1</subfield><subfield code="l">-</subfield><subfield code="o">0</subfield></datafield><datafield ind1=" " ind2=" " tag="996"><subfield code="a">.b1153302x</subfield></datafield><datafield ind1=" " ind2=" " tag="998"><subfield code="a">ik</subfield><subfield code="a">o</subfield></datafield><datafield ind1=" " ind2=" " tag="999"><subfield code="a">JB</subfield><subfield code="b">js</subfield><subfield code="b">mb</subfield></datafield><datafield ind1=" " ind2=" " tag="999"><subfield code="a">piju</subfield></datafield></record>