</MetadataObject><PersonObject OrderIndex="51" PartyRelation="CREATOR"><PartyName>Andrzej Pawłowski</PartyName><FirstNames>Andrzej</FirstNames><Surname>Pawłowski</Surname></PersonObject><PersonObject OrderIndex="52" PartyRelation="CONTRIBUTOR"><PartyName>Anna. Porczynski</PartyName><Identifiers><Identifier>1000021345973</Identifier><Scope>TEL</Scope></Identifiers><FirstNames>Anna.</FirstNames><Surname>Porczynski</Surname></PersonObject><PersonObject OrderIndex="53" PartyRelation="CONTRIBUTOR"><PartyName>Meszorer Josef.</PartyName><FirstNames>Meszorer</FirstNames><Surname>Josef.</Surname></PersonObject><PersonObject OrderIndex="54" PartyRelation="CONTRIBUTOR"><PartyName>Jacek. Niecko</PartyName><FirstNames>Jacek.</FirstNames><Surname>Niecko</Surname></PersonObject><LinkObject FieldSource="TEL" LinkTarget="CATALOGUE_RECORD" OrderIndex="70"><Url>http://alpha.bn.org.pl/record=b1153302*pol</Url><LinkStatus>NOT_CHECKED</LinkStatus></LinkObject></MetadataRecord>
<MetadataRecord xmlns="http://theeuropeanlibrary.org/internal_object_model" ID="2000048756926"><BibliographicLevelObject OrderIndex="39">MONOGRAPH</BibliographicLevelObject><CatalogingFormObject OrderIndex="38">ISBD</CatalogingFormObject><TitleObject OrderIndex="44" TitleType="MAIN"><Title>The limits of Soviet power in the developing world</Title><SubTitle>thermidor in the revolutionary struggle</SubTitle></TitleObject><IdentifierObject IdentifierType="LOCAL_IDENTIFIER" OrderIndex="30"><Identifier>b11533213</Identifier></IdentifierObject><IdentifierObject IdentifierType="OAIPMH" OrderIndex="32"><Identifier>urn:theeuropeanlibrary.org:a0232:b11533213</Identifier></IdentifierObject><IdentifierObject IdentifierType="LOCAL_IDENTIFIER" OrderIndex="41"><Identifier>b11533213</Identifier><Scope>a0232</Scope></IdentifierObject><IdentifierObject IdentifierType="ISBN" OrderIndex="42"><Identifier>0333462076</Identifier></IdentifierObject><IdentifierObject ContextLevel="RECORD" FieldSource="TEL" OrderIndex="59" PartyIdentifierType="TEL"><Identifier>1000020842141</Identifier><Scope>TEL</Scope></IdentifierObject><IdentifierObject ContextLevel="RECORD" FieldSource="TEL" OrderIndex="60" PartyIdentifierType="TEL"><Identifier>1000017679777</Identifier><Scope>TEL</Scope></IdentifierObject><IdentifierObject ContextLevel="RECORD" FieldSource="TEL" OrderIndex="61" PartyIdentifierType="TEL"><Identifier>2000074538826</Identifier><Scope>TEL</Scope></IdentifierObject><IdentifierObject ContextLevel="RECORD" FieldSource="TEL" OrderIndex="62" PartyIdentifierType="TEL"><Identifier>1000020799315</Identifier><Scope>TEL</Scope></IdentifierObject><IdentifierObject ContextLevel="RECORD" FieldSource="TEL" OrderIndex="63" PartyIdentifierType="TEL"><Identifier>2000076934801</Identifier><Scope>TEL</Scope></IdentifierObject><IdentifierObject ContextLevel="RECORD" FieldSource="TEL" OrderIndex="64" PartyIdentifierType="TEL"><Identifier>1000015290672</Identifier><Scope>TEL</Scope></IdentifierObject><IllustrationsObject OrderIndex="37">NO_ILLUSTRATIONS</IllustrationsObject><SpatialEntityObject OrderIndex="52" SpatialRelation="PUBLICATION"><Identifiers><Identifier>GB</Identifier><Scope>ISO3166</Scope></Identifiers></SpatialEntityObject><NamedPlaceObject OrderIndex="49" SpatialRelation="PUBLICATION"><PlaceName>Houndmills ;</PlaceName></NamedPlaceObject><NamedPlaceObject OrderIndex="50" SpatialRelation="PUBLICATION"><PlaceName>London [etc.]</PlaceName></NamedPlaceObject><NamedPlaceObject OrderIndex="54" SpatialRelation="SUBJECT"><PlaceName>ZSRR</PlaceName><Subject><GeneralSubdivision>polityka</GeneralSubdivision></Subject></NamedPlaceObject><PrintTypeObject OrderIndex="36">PRINTED</PrintTypeObject><ProvenanceObject OrderIndex="33"><CollectionId>a0232</CollectionId><ProviderId>P01214</ProviderId></ProvenanceObject><StatusObject OrderIndex="29">UPDATED</StatusObject><TextObject OrderIndex="43" TextRelation="STATEMENT_OF_RESPONSIBILITY"><Content>ed. by Edward A. Kolodziej and Roger E. Kanet.</Content></TextObject><TextObject OrderIndex="55" TextRelation="EXTENT"><Content>XX, 531 s. ;</Content></TextObject><TextObject OrderIndex="56" TextRelation="EXTENT"><Content>23 cm.</Content></TextObject><TextObject OrderIndex="57" TextRelation="DESCRIPTION"><Content>Bibliogr. s. 463-513. - Indeks.</Content></TextObject><OrganizationObject OrderIndex="51" PartyRelation="PUBLISHER"><PartyName>Macmillan Press</PartyName><Identifiers><Identifier>1000017679777</Identifier><Scope>TEL</Scope></Identifiers></OrganizationObject><LanguageObject LanguageRelation="LANGUAGE_OF_CONTENT" OrderIndex="48">ENG</LanguageObject><ResourceTypeObject OrderIndex="35">TEXT</ResourceTypeObject><TopicObject OrderIndex="53"><GeneralSubdivision>polityka</GeneralSubdivision><GeographicSubdivision><NamedPlace><PlaceName>ZSRR</PlaceName></NamedPlace></GeographicSubdivision><TopicName>Kraje rozwijające się</TopicName></TopicObject><AudienceObject OrderIndex="40">UNKNOW</AudienceObject><InstantObject OrderIndex="31" TemporalRelation="OP_LOADED"><Time>1358943216000</Time><Granularity>SECOND</Granularity><Uncertain>false</Uncertain></InstantObject><InstantObject OrderIndex="47" TemporalRelation="PUBLICATION"><Time>599616000000</Time><Granularity>YEAR</Granularity><Uncertain>false</Uncertain></InstantObject><MetadataObject FieldSource="PROVIDER" Format="marc21" OrderIndex="34"><record xmlns="info:lc/xmlns/marcxchange-v1"><leader>00946nam a2200253 i 4500</leader><controlfield tag="001">b11533213</controlfield><controlfield tag="008">981002s1989    xxk          |001 0 eng d</controlfield><datafield ind1=" " ind2=" " tag="020"><subfield code="a">0333462076</subfield></datafield><datafield ind1=" " ind2=" " tag="040"><subfield code="a">WA N</subfield><subfield code="c">WA N</subfield></datafield><datafield ind1="0" ind2="4" tag="245"><subfield code="a">The limits of Soviet power in the developing world :</subfield><subfield code="b">thermidor in the revolutionary struggle /</subfield><subfield code="c">ed. by Edward A. Kolodziej and Roger E. Kanet.</subfield></datafield><datafield ind1=" " ind2=" " tag="260"><subfield code="a">Houndmills ;</subfield><subfield code="a">London [etc.] :</subfield><subfield code="b">Macmillan Press,</subfield><subfield code="c">1989.</subfield></datafield><datafield ind1=" " ind2=" " tag="300"><subfield code="a">XX, 531 s. ;</subfield><subfield code="c">23 cm.</subfield></datafield><datafield ind1=" " ind2=" " tag="504"><subfield code="a">Bibliogr. s. 463-513. - Indeks.</subfield></datafield><datafield ind1=" " ind2="4" tag="650"><subfield code="a">Kraje rozwijające się</subfield><subfield code="x">polityka</subfield><subfield code="z">ZSRR</subfield></datafield><datafield ind1=" " ind2="4" tag="651"><subfield code="a">ZSRR</subfield><subfield code="x">polityka</subfield><subfield code="x">kraje rozwijające się</subfield></datafield><datafield ind1="1" ind2=" " tag="700"><subfield code="a">Kolodziej, Edward Albert</subfield><subfield code="d">(1935- ).</subfield><subfield code="e">Red.</subfield></datafield><datafield ind1="1" ind2=" " tag="700"><subfield code="a">Kanet, Roger E.</subfield><subfield code="d">(1936- ).</subfield><subfield code="e">Red.</subfield></datafield><datafield ind1=" " ind2=" " tag="902"><subfield code="a">121219</subfield><subfield code="c">981005</subfield><subfield code="d">m</subfield><subfield code="e">a</subfield><subfield code="f">-</subfield><subfield code="g">0</subfield></datafield><datafield ind1=" " ind2=" " tag="907"><subfield code="b">bk   </subfield><subfield code="c">-</subfield></datafield><datafield ind1=" " ind2=" " tag="920"><subfield code="a">0-333-46207-6</subfield></datafield><datafield ind1=" " ind2=" " tag="960"><subfield code="a">II 1.840.520 A</subfield><subfield code="c">bk   </subfield><subfield code="d">30001009340679</subfield><subfield code="h">1994 w 185/6</subfield><subfield code="i">Z 0,00</subfield><subfield code="l">-</subfield><subfield code="o">0</subfield></datafield><datafield ind1=" " ind2=" " tag="996"><subfield code="a">.b11533213</subfield></datafield><datafield ind1=" " ind2=" " tag="998"><subfield code="a">ik</subfield><subfield code="a">o</subfield></datafield><datafield ind1=" " ind2=" " tag="999"><subfield code="a">at</subfield><subfield code="b">js</subfield><subfield code="b">ae</subfield></datafield></record>