</MetadataObject><PersonObject OrderIndex="45" PartyRelation="CONTRIBUTOR"><PartyName>Edward Albert Kolodziej</PartyName><Identifiers><Identifier>2000076934801</Identifier><Scope>TEL</Scope></Identifiers><Identifiers><Identifier>1000020842141</Identifier><Scope>TEL</Scope></Identifiers><LifePeriod><Start><Time>-1104537600000</Time><Granularity>YEAR</Granularity><Uncertain>false</Uncertain></Start></LifePeriod><FirstNames>Edward Albert</FirstNames><Surname>Kolodziej</Surname></PersonObject><PersonObject OrderIndex="46" PartyRelation="CONTRIBUTOR"><PartyName>Roger E. Kanet</PartyName><Identifiers><Identifier>1000015290672</Identifier><Scope>TEL</Scope></Identifiers><Identifiers><Identifier>2000074538826</Identifier><Scope>TEL</Scope></Identifiers><Identifiers><Identifier>1000020799315</Identifier><Scope>TEL</Scope></Identifiers><LifePeriod><Start><Time>-1073001600000</Time><Granularity>YEAR</Granularity><Uncertain>false</Uncertain></Start></LifePeriod><FirstNames>Roger E.</FirstNames><Surname>Kanet</Surname></PersonObject><LinkObject FieldSource="TEL" LinkTarget="CATALOGUE_RECORD" OrderIndex="58"><Url>http://alpha.bn.org.pl/record=b1153321*pol</Url><LinkStatus>NOT_CHECKED</LinkStatus></LinkObject></MetadataRecord>
<MetadataRecord xmlns="http://theeuropeanlibrary.org/internal_object_model" ID="2000048756916"><BibliographicLevelObject OrderIndex="42">MONOGRAPH</BibliographicLevelObject><CatalogingFormObject OrderIndex="41">ISBD</CatalogingFormObject><TitleObject OrderIndex="46" TitleType="MAIN"><Title>Muzykal'naja kul'tura gorodov Belorussii v XVIII veke</Title></TitleObject><IdentifierObject IdentifierType="LOCAL_IDENTIFIER" OrderIndex="32"><Identifier>b11533110</Identifier></IdentifierObject><IdentifierObject IdentifierType="OAIPMH" OrderIndex="34"><Identifier>urn:theeuropeanlibrary.org:a0232:b11533110</Identifier></IdentifierObject><IdentifierObject IdentifierType="LOCAL_IDENTIFIER" OrderIndex="44"><Identifier>b11533110</Identifier><Scope>a0232</Scope></IdentifierObject><IdentifierObject IdentifierType="ISBN" OrderIndex="45"><Identifier>5343010571</Identifier></IdentifierObject><IdentifierObject ContextLevel="RECORD" FieldSource="TEL" OrderIndex="63" PartyIdentifierType="TEL"><Identifier>1000021916768</Identifier><Scope>TEL</Scope></IdentifierObject><IdentifierObject ContextLevel="RECORD" FieldSource="TEL" OrderIndex="64" SpatialIdentifierType="TEL"><Identifier>1000001322574</Identifier><Scope>TEL</Scope></IdentifierObject><IdentifierObject ContextLevel="CONTENT" FieldSource="TEL" OrderIndex="65" SpatialIdentifierType="TEL"><Identifier>1000001333694</Identifier><Scope>TEL</Scope></IdentifierObject><IllustrationsObject OrderIndex="39">ILLUSTRATIONS</IllustrationsObject><IllustrationsObject OrderIndex="40">NO_ILLUSTRATIONS</IllustrationsObject><SpatialEntityObject OrderIndex="52" SpatialRelation="PUBLICATION"><Identifiers><Identifier>BY</Identifier><Scope>ISO3166</Scope></Identifiers></SpatialEntityObject><NamedPlaceObject OrderIndex="50" SpatialRelation="PUBLICATION"><Identifiers><Identifier>1000001322574</Identifier><Scope>TEL</Scope></Identifiers><PlaceName>Minsk</PlaceName></NamedPlaceObject><PrintTypeObject OrderIndex="38">PRINTED</PrintTypeObject><ProvenanceObject OrderIndex="35"><CollectionId>a0232</CollectionId><ProviderId>P01214</ProviderId></ProvenanceObject><StatusObject OrderIndex="31">UPDATED</StatusObject><TextObject OrderIndex="57" TextRelation="FORMAT_UNCONTROLED"><Content>facs., fot., nuty, portr., reprod. ;</Content></TextObject><TextObject OrderIndex="58" TextRelation="EXTENT"><Content>205, [3] s. :</Content></TextObject><TextObject OrderIndex="59" TextRelation="EXTENT"><Content>21 cm.</Content></TextObject><TextObject NoteType="GENERAL" OrderIndex="60" TextRelation="NOTE"><Content>Dotyczy kultury muzycznej na kresach Rzeczypospolitej w XVIII wieku.</Content></TextObject><TextObject OrderIndex="61" TextRelation="DESCRIPTION"><Content>Bibliogr. s. 162-181.</Content></TextObject><OrganizationObject OrderIndex="51" PartyRelation="PUBLISHER"><PartyName>”Navuka i tèchnika“</PartyName></OrganizationObject><LanguageObject LanguageRelation="LANGUAGE_OF_CONTENT" OrderIndex="49">RUS</LanguageObject><ResourceTypeObject OrderIndex="37">TEXT</ResourceTypeObject><TopicObject OrderIndex="53"><GeneralSubdivision>kultura</GeneralSubdivision><ChronologicalSubdivision><Instant><Time>-61599312000000</Time><Granularity>YEAR</Granularity><Uncertain>false</Uncertain></Instant></ChronologicalSubdivision><GeographicSubdivision><NamedPlace><Identifiers><Identifier>1000001333694</Identifier><Scope>TEL</Scope></Identifiers><PlaceName>Białoruś</PlaceName></NamedPlace></GeographicSubdivision><TopicName>Miasta</TopicName></TopicObject><TopicObject OrderIndex="54"><GeneralSubdivision>historia</GeneralSubdivision><ChronologicalSubdivision><Instant><Time>-61599312000000</Time><Granularity>YEAR</Granularity><Uncertain>false</Uncertain></Instant></ChronologicalSubdivision><TopicName>Muzyka białoruska</TopicName></TopicObject><TopicObject OrderIndex="55"><GeneralSubdivision>historia</GeneralSubdivision><ChronologicalSubdivision><Instant><Time>-61599312000000</Time><Granularity>YEAR</Granularity><Uncertain>false</Uncertain></Instant></ChronologicalSubdivision><TopicName>Muzyka polska</TopicName></TopicObject><TopicObject OrderIndex="56"><TopicName>Druki muzyczne</TopicName></TopicObject><AudienceObject OrderIndex="43">UNKNOW</AudienceObject><InstantObject OrderIndex="33" TemporalRelation="OP_LOADED"><Time>1358943207000</Time><Granularity>SECOND</Granularity><Uncertain>false</Uncertain></InstantObject><InstantObject OrderIndex="48" TemporalRelation="PUBLICATION"><Time>694224000000</Time><Granularity>YEAR</Granularity><Uncertain>false</Uncertain></InstantObject><MetadataObject FieldSource="PROVIDER" Format="marc21" OrderIndex="36"><record xmlns="info:lc/xmlns/marcxchange-v1"><leader>01212nam a2200313 i 4500</leader><controlfield tag="001">b11533110</controlfield><controlfield tag="008">981002s1992    bw a         |000 0 rus  </controlfield><datafield ind1=" " ind2=" " tag="020"><subfield code="a">5343010571</subfield></datafield><datafield ind1=" " ind2=" " tag="040"><subfield code="a">WA N</subfield><subfield code="c">WA N</subfield></datafield><datafield ind1="1" ind2=" " tag="100"><subfield code="a">Dadzìëmava, Vol'ga Uladzìmìraŭna.</subfield></datafield><datafield ind1="1" ind2="0" tag="245"><subfield code="a">Muzykal'naja kul'tura gorodov Belorussii v XVIII veke /</subfield><subfield code="c">O. V. Dadiomova ; Minskij in-t kul'tury.</subfield></datafield><datafield ind1=" " ind2=" " tag="260"><subfield code="a">Minsk :</subfield><subfield code="b">”Navuka i tèchnika“,</subfield><subfield code="c">1992.</subfield></datafield><datafield ind1=" " ind2=" " tag="300"><subfield code="a">205, [3] s. :</subfield><subfield code="b">facs., fot., nuty, portr., reprod. ;</subfield><subfield code="c">21 cm.</subfield></datafield><datafield ind1=" " ind2=" " tag="500"><subfield code="a">Dotyczy kultury muzycznej na kresach Rzeczypospolitej w XVIII wieku.</subfield></datafield><datafield ind1=" " ind2=" " tag="504"><subfield code="a">Bibliogr. s. 162-181.</subfield></datafield><datafield ind1=" " ind2="4" tag="650"><subfield code="a">Miasta</subfield><subfield code="x">kultura</subfield><subfield code="z">Białoruś</subfield><subfield code="y">18 w.</subfield></datafield><datafield ind1=" " ind2="4" tag="650"><subfield code="a">Muzyka białoruska</subfield><subfield code="x">historia</subfield><subfield code="y">18 w.</subfield></datafield><datafield ind1=" " ind2="4" tag="650"><subfield code="a">Muzyka polska</subfield><subfield code="x">historia</subfield><subfield code="y">18 w.</subfield></datafield><datafield ind1=" " ind2="4" tag="655"><subfield code="a">Druki muzyczne</subfield></datafield><datafield ind1=" " ind2=" " tag="902"><subfield code="a">121211</subfield><subfield code="c">990226</subfield><subfield code="d">m</subfield><subfield code="e">a</subfield><subfield code="f">-</subfield><subfield code="g">0</subfield></datafield><datafield ind1=" " ind2=" " tag="907"><subfield code="b">multi</subfield><subfield code="c">-</subfield></datafield><datafield ind1=" " ind2=" " tag="920"><subfield code="a">5-343-01057-1</subfield></datafield><datafield ind1=" " ind2=" " tag="960"><subfield code="a">II 1.841.311 A</subfield><subfield code="c">bk   </subfield><subfield code="d">30001009538953</subfield><subfield code="h">1993 w 129/2</subfield><subfield code="i">Z 0,10</subfield><subfield code="k">3</subfield><subfield code="l">-</subfield><subfield code="o">0</subfield></datafield><datafield ind1=" " ind2=" " tag="960"><subfield code="a">Podr.Muz.VI.B.385</subfield><subfield code="b">II 2.621.732</subfield><subfield code="c">bmuz </subfield><subfield code="d">30001006557278</subfield><subfield code="e">2.621.732</subfield><subfield code="f">2008.04.21</subfield><subfield code="g">Dadiomova, O. V.</subfield><subfield code="h">2008 d 452</subfield><subfield code="i">Z 150,00</subfield><subfield code="j">2008.06.10</subfield><subfield code="k">2</subfield><subfield code="l">p</subfield><subfield code="o">1</subfield></datafield><datafield ind1=" " ind2=" " tag="996"><subfield code="a">.b11533110</subfield></datafield><datafield ind1=" " ind2=" " tag="998"><subfield code="a">ik</subfield><subfield code="a">o</subfield></datafield><datafield ind1=" " ind2=" " tag="999"><subfield code="a">JB</subfield><subfield code="b">js</subfield></datafield><datafield ind1=" " ind2=" " tag="999"><subfield code="a">wakl</subfield></datafield><datafield ind1=" " ind2=" " tag="999"><subfield code="a">ae</subfield></datafield></record>