</MetadataObject><PersonObject OrderIndex="47" PartyRelation="CREATOR"><PartyName>Vol'ga Uladzìmìraŭna. Dadzìëmava</PartyName><Identifiers><Identifier>1000021916768</Identifier><Scope>TEL</Scope></Identifiers><FirstNames>Vol'ga Uladzìmìraŭna.</FirstNames><Surname>Dadzìëmava</Surname></PersonObject><LinkObject FieldSource="TEL" LinkTarget="CATALOGUE_RECORD" OrderIndex="62"><Url>http://alpha.bn.org.pl/record=b1153311*pol</Url><LinkStatus>NOT_CHECKED</LinkStatus></LinkObject></MetadataRecord>
<MetadataRecord xmlns="http://theeuropeanlibrary.org/internal_object_model" ID="2000048756874"><BibliographicLevelObject OrderIndex="40">MONOGRAPH</BibliographicLevelObject><CatalogingFormObject OrderIndex="39">ISBD</CatalogingFormObject><TitleObject OrderIndex="44" TitleType="MAIN"><Title>Tusovka</Title></TitleObject><IdentifierObject IdentifierType="LOCAL_IDENTIFIER" OrderIndex="30"><Identifier>b11532695</Identifier></IdentifierObject><IdentifierObject IdentifierType="OAIPMH" OrderIndex="32"><Identifier>urn:theeuropeanlibrary.org:a0232:b11532695</Identifier></IdentifierObject><IdentifierObject IdentifierType="LOCAL_IDENTIFIER" OrderIndex="42"><Identifier>b11532695</Identifier><Scope>a0232</Scope></IdentifierObject><IdentifierObject IdentifierType="ISBN" OrderIndex="43"><Identifier>5010020300</Identifier></IdentifierObject><IdentifierObject ContextLevel="RECORD" FieldSource="TEL" OrderIndex="59" PartyIdentifierType="TEL"><Identifier>1000020347270</Identifier><Scope>TEL</Scope></IdentifierObject><IdentifierObject ContextLevel="RECORD" FieldSource="TEL" OrderIndex="60" PartyIdentifierType="TEL"><Identifier>1000019047338</Identifier><Scope>TEL</Scope></IdentifierObject><IdentifierObject ContextLevel="RECORD" FieldSource="TEL" OrderIndex="61" PartyIdentifierType="TEL"><Identifier>1000019042625</Identifier><Scope>TEL</Scope></IdentifierObject><IdentifierObject ContextLevel="RECORD" FieldSource="TEL" OrderIndex="62" PartyIdentifierType="TEL"><Identifier>2000077844048</Identifier><Scope>TEL</Scope></IdentifierObject><IdentifierObject ContextLevel="RECORD" FieldSource="TEL" OrderIndex="63" SpatialIdentifierType="TEL"><Identifier>1000001121156</Identifier><Scope>TEL</Scope></IdentifierObject><IllustrationsObject OrderIndex="37">ILLUSTRATIONS</IllustrationsObject><IllustrationsObject OrderIndex="38">NO_ILLUSTRATIONS</IllustrationsObject><SpatialEntityObject OrderIndex="51" SpatialRelation="PUBLICATION"><Identifiers><Identifier>RU</Identifier><Scope>ISO3166</Scope></Identifiers></SpatialEntityObject><NamedPlaceObject OrderIndex="49" SpatialRelation="PUBLICATION"><Identifiers><Identifier>1000001121156</Identifier><Scope>TEL</Scope></Identifiers><PlaceName>Moskva</PlaceName></NamedPlaceObject><PrintTypeObject OrderIndex="36">PRINTED</PrintTypeObject><ProvenanceObject OrderIndex="33"><CollectionId>a0232</CollectionId><ProviderId>P01214</ProviderId></ProvenanceObject><StatusObject OrderIndex="29">UPDATED</StatusObject><TextObject OrderIndex="55" TextRelation="FORMAT_UNCONTROLED"><Content>fot. ;</Content></TextObject><TextObject OrderIndex="56" TextRelation="EXTENT"><Content>315, [3] s. :</Content></TextObject><TextObject OrderIndex="57" TextRelation="EXTENT"><Content>17 cm.</Content></TextObject><OrganizationObject OrderIndex="50" PartyRelation="PUBLISHER"><PartyName>"Progress"</PartyName><Identifiers><Identifier>2000077844048</Identifier><Scope>TEL</Scope></Identifiers><Identifiers><Identifier>1000020347270</Identifier><Scope>TEL</Scope></Identifiers><Identifiers><Identifier>1000019047338</Identifier><Scope>TEL</Scope></Identifiers><Identifiers><Identifier>1000019042625</Identifier><Scope>TEL</Scope></Identifiers></OrganizationObject><LanguageObject LanguageRelation="LANGUAGE_OF_CONTENT" OrderIndex="48">RUS</LanguageObject><ResourceTypeObject OrderIndex="35">TEXT</ResourceTypeObject><TopicObject OrderIndex="52"><GeneralSubdivision>socjologia</GeneralSubdivision><GeographicSubdivision><NamedPlace><PlaceName>Polska</PlaceName></NamedPlace></GeographicSubdivision><TopicName>Młodzież</TopicName></TopicObject><TopicObject OrderIndex="53"><GeneralSubdivision>socjologia</GeneralSubdivision><GeographicSubdivision><NamedPlace><PlaceName>Polska</PlaceName></NamedPlace></GeographicSubdivision><TopicName>Narkomania</TopicName></TopicObject><TopicObject OrderIndex="54"><ChronologicalSubdivision><Instant><Time>-61536240000000</Time><Granularity>YEAR</Granularity><Uncertain>false</Uncertain></Instant></ChronologicalSubdivision><TopicName>Publicystyka polska</TopicName></TopicObject><AudienceObject OrderIndex="41">UNKNOW</AudienceObject><InstantObject OrderIndex="31" TemporalRelation="OP_LOADED"><Time>1358943216000</Time><Granularity>SECOND</Granularity><Uncertain>false</Uncertain></InstantObject><InstantObject OrderIndex="47" TemporalRelation="PUBLICATION"><Time>631152000000</Time><Granularity>YEAR</Granularity><Uncertain>false</Uncertain></InstantObject><MetadataObject FieldSource="PROVIDER" Format="marc21" OrderIndex="34"><record xmlns="info:lc/xmlns/marcxchange-v1"><leader>00951nam a2200301 i 4500</leader><controlfield tag="001">b11532695</controlfield><controlfield tag="008">981002s1990    ru a         |000 0 ruso </controlfield><datafield ind1=" " ind2=" " tag="020"><subfield code="a">5010020300</subfield></datafield><datafield ind1=" " ind2=" " tag="040"><subfield code="a">WA N</subfield><subfield code="c">WA N</subfield></datafield><datafield ind1="1" ind2=" " tag="041"><subfield code="a">rus</subfield><subfield code="h">pol</subfield></datafield><datafield ind1="1" ind2=" " tag="100"><subfield code="a">Jędrzejewski, Marek</subfield><subfield code="d">(1956- ).</subfield></datafield><datafield ind1="1" ind2="0" tag="245"><subfield code="a">Tusovka /</subfield><subfield code="c">Marek Endžeevski ; [per. s pol. E. R. Šapel'nikovoj et al.].</subfield></datafield><datafield ind1=" " ind2=" " tag="260"><subfield code="a">Moskva :</subfield><subfield code="b">"Progress",</subfield><subfield code="c">1990.</subfield></datafield><datafield ind1=" " ind2=" " tag="300"><subfield code="a">315, [3] s. :</subfield><subfield code="b">fot. ;</subfield><subfield code="c">17 cm.</subfield></datafield><datafield ind1=" " ind2="4" tag="650"><subfield code="a">Młodzież</subfield><subfield code="x">socjologia</subfield><subfield code="z">Polska</subfield></datafield><datafield ind1=" " ind2="4" tag="650"><subfield code="a">Narkomania</subfield><subfield code="x">socjologia</subfield><subfield code="z">Polska</subfield></datafield><datafield ind1=" " ind2="4" tag="655"><subfield code="a">Publicystyka polska</subfield><subfield code="y">20 w.</subfield></datafield><datafield ind1="1" ind2=" " tag="700"><subfield code="a">Šapel'nikova, E. R.</subfield><subfield code="e">Tł.</subfield></datafield><datafield ind1=" " ind2=" " tag="902"><subfield code="a">121211</subfield><subfield code="c">981005</subfield><subfield code="d">m</subfield><subfield code="e">a</subfield><subfield code="f">-</subfield><subfield code="g">0</subfield></datafield><datafield ind1=" " ind2=" " tag="907"><subfield code="b">bk   </subfield><subfield code="c">-</subfield></datafield><datafield ind1=" " ind2=" " tag="920"><subfield code="a">5-01-002030-0</subfield></datafield><datafield ind1=" " ind2=" " tag="960"><subfield code="a">I 1.764.679</subfield><subfield code="c">bk   </subfield><subfield code="d">30001008919890</subfield><subfield code="h">1991 w 683/27</subfield><subfield code="i">Z 0,20</subfield><subfield code="k">1</subfield><subfield code="l">-</subfield><subfield code="o">1</subfield></datafield><datafield ind1=" " ind2=" " tag="960"><subfield code="a">I 1.376.363 A</subfield><subfield code="c">bk   </subfield><subfield code="h">1991 w 324</subfield><subfield code="i">Z 0,00</subfield><subfield code="l">-</subfield><subfield code="o">0</subfield></datafield><datafield ind1=" " ind2=" " tag="996"><subfield code="a">.b11532695</subfield></datafield><datafield ind1=" " ind2=" " tag="998"><subfield code="a">ik</subfield><subfield code="a">o</subfield></datafield><datafield ind1=" " ind2=" " tag="999"><subfield code="a">JB</subfield><subfield code="b">js</subfield></datafield><datafield ind1=" " ind2=" " tag="999"><subfield code="a">este</subfield><subfield code="a">este</subfield></datafield><datafield ind1=" " ind2=" " tag="999"><subfield code="a">mb</subfield></datafield></record>