</MetadataObject><PersonObject OrderIndex="45" PartyRelation="CREATOR"><PartyName>Marek Jędrzejewski</PartyName><LifePeriod><Start><Time>-441849600000</Time><Granularity>YEAR</Granularity><Uncertain>false</Uncertain></Start></LifePeriod><FirstNames>Marek</FirstNames><Surname>Jędrzejewski</Surname></PersonObject><PersonObject OrderIndex="46" PartyRelation="CONTRIBUTOR"><PartyName>E. R. Šapel'nikova</PartyName><FirstNames>E. R.</FirstNames><Surname>Šapel'nikova</Surname></PersonObject><LinkObject FieldSource="TEL" LinkTarget="CATALOGUE_RECORD" OrderIndex="58"><Url>http://alpha.bn.org.pl/record=b1153269*pol</Url><LinkStatus>NOT_CHECKED</LinkStatus></LinkObject></MetadataRecord>
<MetadataRecord xmlns="http://theeuropeanlibrary.org/internal_object_model" ID="2000048756864"><BibliographicLevelObject OrderIndex="41">MONOGRAPH</BibliographicLevelObject><CatalogingFormObject OrderIndex="40">ISBD</CatalogingFormObject><TitleObject OrderIndex="46" TitleType="MAIN"><Title>Pater Maximilian Kolbe</Title><SubTitle>ein Leben im Dienst der Immaculata 1894-1941</SubTitle></TitleObject><TitleObject OrderIndex="47" TitleType="ALTERNATIVE"><Title>Fou de Notre Dame : pere Maximilien Kolbe, Cordelier</Title></TitleObject><IdentifierObject IdentifierType="LOCAL_IDENTIFIER" OrderIndex="32"><Identifier>b11532592</Identifier></IdentifierObject><IdentifierObject IdentifierType="OAIPMH" OrderIndex="34"><Identifier>urn:theeuropeanlibrary.org:a0232:b11532592</Identifier></IdentifierObject><IdentifierObject IdentifierType="LOCAL_IDENTIFIER" OrderIndex="43"><Identifier>b11532592</Identifier><Scope>a0232</Scope></IdentifierObject><IdentifierObject IdentifierType="NBN" OrderIndex="44"><Identifier>PZ 18545/1939-55</Identifier></IdentifierObject><IdentifierObject ContextLevel="RECORD" FieldSource="TEL" OrderIndex="63" PartyIdentifierType="TEL"><Identifier>1000021762716</Identifier><Scope>TEL</Scope></IdentifierObject><IdentifierObject ContextLevel="RECORD" FieldSource="TEL" OrderIndex="64" PartyIdentifierType="TEL"><Identifier>1000020673146</Identifier><Scope>TEL</Scope></IdentifierObject><IdentifierObject ContextLevel="RECORD" FieldSource="TEL" OrderIndex="65" PartyIdentifierType="TEL"><Identifier>1000020679208</Identifier><Scope>TEL</Scope></IdentifierObject><IdentifierObject ContextLevel="CONTENT" FieldSource="TEL" OrderIndex="66" PartyIdentifierType="TEL"><Identifier>1000022420293</Identifier><Scope>TEL</Scope></IdentifierObject><IdentifierObject ContextLevel="CONTENT" FieldSource="TEL" OrderIndex="67" PartyIdentifierType="TEL"><Identifier>1000011069262</Identifier><Scope>TEL</Scope></IdentifierObject><IdentifierObject ContextLevel="CONTENT" FieldSource="TEL" OrderIndex="68" PartyIdentifierType="TEL"><Identifier>1000020802536</Identifier><Scope>TEL</Scope></IdentifierObject><IllustrationsObject OrderIndex="39">NO_ILLUSTRATIONS</IllustrationsObject><SpatialEntityObject OrderIndex="55" SpatialRelation="PUBLICATION"><Identifiers><Identifier>CH</Identifier><Scope>ISO3166</Scope></Identifiers></SpatialEntityObject><NamedPlaceObject OrderIndex="52" SpatialRelation="PUBLICATION"><PlaceName>Freiburg/Schw. ;</PlaceName></NamedPlaceObject><NamedPlaceObject OrderIndex="53" SpatialRelation="PUBLICATION"><PlaceName>Konstanz [etc.]</PlaceName></NamedPlaceObject><PrintTypeObject OrderIndex="38">PRINTED</PrintTypeObject><ProvenanceObject OrderIndex="35"><CollectionId>a0232</CollectionId><ProviderId>P01214</ProviderId></ProvenanceObject><StatusObject OrderIndex="31">UPDATED</StatusObject><TextObject OrderIndex="45" TextRelation="STATEMENT_OF_RESPONSIBILITY"><Content>Maria Winowska ; [Dt. Übers. Conrad Fischer].</Content></TextObject><TextObject OrderIndex="59" TextRelation="EXTENT"><Content>207 s., [8] s. tabl. ;</Content></TextObject><TextObject OrderIndex="60" TextRelation="EXTENT"><Content>18 cm.</Content></TextObject><TextObject NoteType="GENERAL" OrderIndex="61" TextRelation="NOTE"><Content>Na s. tyt. po tyt. znak krzyża.</Content></TextObject><OrganizationObject OrderIndex="54" PartyRelation="PUBLISHER"><PartyName>Kanisius-Verlag</PartyName></OrganizationObject><OrganizationObject OrderIndex="57" PartyRelation="SUBJECT"><PartyName>Franciszkanie Konwentualni</PartyName><Identifiers><Identifier>1000022420293</Identifier><Scope>TEL</Scope></Identifiers><Subject><GeneralSubdivision>biografie</GeneralSubdivision><ChronologicalSubdivision><Instant><Time>-61536240000000</Time><Granularity>YEAR</Granularity><Uncertain>false</Uncertain></Instant></ChronologicalSubdivision><GeographicSubdivision><NamedPlace><PlaceName>Polska</PlaceName></NamedPlace></GeographicSubdivision></Subject></OrganizationObject><LanguageObject LanguageRelation="LANGUAGE_OF_CONTENT" OrderIndex="51">GER</LanguageObject><ResourceTypeObject OrderIndex="37">TEXT</ResourceTypeObject><TopicObject OrderIndex="58"><TopicName>Biografie</TopicName></TopicObject><AudienceObject OrderIndex="42">UNKNOW</AudienceObject><InstantObject OrderIndex="33" TemporalRelation="OP_LOADED"><Time>1358943216000</Time><Granularity>SECOND</Granularity><Uncertain>false</Uncertain></InstantObject><InstantObject OrderIndex="50" TemporalRelation="PUBLICATION"><Time>-568080000000</Time><Granularity>YEAR</Granularity><Uncertain>false</Uncertain></InstantObject><MetadataObject FieldSource="PROVIDER" Format="marc21" OrderIndex="36"><record xmlns="info:lc/xmlns/marcxchange-v1"><leader>01264nam a2200313 i 4500</leader><controlfield tag="001">b11532592</controlfield><controlfield tag="008">981002s1952    sz           |000 0 ger  </controlfield><datafield ind1=" " ind2=" " tag="015"><subfield code="a">PZ 18545/1939-55</subfield></datafield><datafield ind1=" " ind2=" " tag="040"><subfield code="a">WA N</subfield><subfield code="c">WA N</subfield></datafield><datafield ind1="1" ind2=" " tag="041"><subfield code="a">ger</subfield><subfield code="h">fre</subfield></datafield><datafield ind1="1" ind2=" " tag="100"><subfield code="a">Winowska, Maria</subfield><subfield code="d">(1904-1993).</subfield></datafield><datafield ind1="1" ind2="0" tag="245"><subfield code="a">Pater Maximilian Kolbe :</subfield><subfield code="b">ein Leben im Dienst der Immaculata 1894-1941 /</subfield><subfield code="c">Maria Winowska ; [Dt. Übers. Conrad Fischer].</subfield></datafield><datafield ind1="1" ind2=" " tag="246"><subfield code="i">Tyt. oryg.:</subfield><subfield code="a">Fou de Notre Dame : pere Maximilien Kolbe, Cordelier</subfield></datafield><datafield ind1=" " ind2=" " tag="260"><subfield code="a">Freiburg/Schw. ;</subfield><subfield code="a">Konstanz [etc.] :</subfield><subfield code="b">Kanisius-Verlag,</subfield><subfield code="c">1952.</subfield></datafield><datafield ind1=" " ind2=" " tag="300"><subfield code="a">207 s., [8] s. tabl. ;</subfield><subfield code="c">18 cm.</subfield></datafield><datafield ind1=" " ind2=" " tag="500"><subfield code="a">Na s. tyt. po tyt. znak krzyża.</subfield></datafield><datafield ind1="0" ind2="4" tag="600"><subfield code="a">Maksymilian Maria Kolbe</subfield><subfield code="c">(św. ;</subfield><subfield code="d">1894-1941)</subfield></datafield><datafield ind1="2" ind2="4" tag="610"><subfield code="a">Franciszkanie Konwentualni</subfield><subfield code="x">biografie</subfield><subfield code="z">Polska</subfield><subfield code="y">20 w.</subfield></datafield><datafield ind1=" " ind2="4" tag="655"><subfield code="a">Biografie</subfield></datafield><datafield ind1="1" ind2=" " tag="700"><subfield code="a">Fischer, Conrad.</subfield><subfield code="e">Tł.</subfield></datafield><datafield ind1=" " ind2=" " tag="902"><subfield code="a">121219</subfield><subfield code="c">981005</subfield><subfield code="d">m</subfield><subfield code="e">a</subfield><subfield code="f">b</subfield><subfield code="g">0</subfield></datafield><datafield ind1=" " ind2=" " tag="907"><subfield code="b">bk   </subfield><subfield code="c">b</subfield></datafield><datafield ind1=" " ind2=" " tag="960"><subfield code="a">I 1.576.357</subfield><subfield code="c">bk   </subfield><subfield code="d">30001000698029</subfield><subfield code="e">1.576.357</subfield><subfield code="f">2003.06.25</subfield><subfield code="g">Pontificio Instituto di Studi Ecclesiastici Roma</subfield><subfield code="h">2003 w 260/96</subfield><subfield code="i">Z 80,00</subfield><subfield code="j">2003.12.30</subfield><subfield code="k">1</subfield><subfield code="l">-</subfield><subfield code="o">1</subfield></datafield><datafield ind1=" " ind2=" " tag="960"><subfield code="a">I 1.470.838 A</subfield><subfield code="c">bk   </subfield><subfield code="h">1994 w 208/239</subfield><subfield code="i">Z 0,25</subfield><subfield code="k">1</subfield><subfield code="l">-</subfield><subfield code="o">0</subfield></datafield><datafield ind1=" " ind2=" " tag="996"><subfield code="a">.b11532592</subfield></datafield><datafield ind1=" " ind2=" " tag="998"><subfield code="a">ik</subfield><subfield code="a">o</subfield></datafield><datafield ind1=" " ind2=" " tag="999"><subfield code="a">JB</subfield><subfield code="b">js</subfield><subfield code="b">mb</subfield></datafield><datafield ind1=" " ind2=" " tag="999"><subfield code="a">zk</subfield><subfield code="b">ok</subfield><subfield code="c">aks</subfield></datafield><datafield ind1=" " ind2=" " tag="999"><subfield code="a">bron</subfield><subfield code="y">rzecz47</subfield><subfield code="x">03</subfield></datafield></record>