</MetadataObject><PersonObject OrderIndex="48" PartyRelation="CREATOR"><PartyName>Maria Winowska</PartyName><Identifiers><Identifier>1000020673146</Identifier><Scope>TEL</Scope></Identifiers><Identifiers><Identifier>1000020679208</Identifier><Scope>TEL</Scope></Identifiers><LifePeriod><Start><Time>-2082844800000</Time><Granularity>YEAR</Granularity><Uncertain>false</Uncertain></Start><End><Time>725846400000</Time><Granularity>YEAR</Granularity><Uncertain>false</Uncertain></End></LifePeriod><FirstNames>Maria</FirstNames><Surname>Winowska</Surname></PersonObject><PersonObject OrderIndex="49" PartyRelation="CONTRIBUTOR"><PartyName>Conrad. Fischer</PartyName><Identifiers><Identifier>1000021762716</Identifier><Scope>TEL</Scope></Identifiers><FirstNames>Conrad.</FirstNames><Surname>Fischer</Surname></PersonObject><PersonObject OrderIndex="56" PartyRelation="SUBJECT"><PartyName>Maksymilian Maria Kolbe</PartyName><Identifiers><Identifier>1000011069262</Identifier><Scope>TEL</Scope></Identifiers><Identifiers><Identifier>1000020802536</Identifier><Scope>TEL</Scope></Identifiers><LifePeriod><Start><Time>-2398291200000</Time><Granularity>YEAR</Granularity><Uncertain>false</Uncertain></Start><End><Time>-915152400000</Time><Granularity>YEAR</Granularity><Uncertain>false</Uncertain></End></LifePeriod><FirstNames>Maksymilian Maria</FirstNames><Surname>Kolbe</Surname></PersonObject><LinkObject FieldSource="TEL" LinkTarget="CATALOGUE_RECORD" OrderIndex="62"><Url>http://alpha.bn.org.pl/record=b1153259*pol</Url><LinkStatus>NOT_CHECKED</LinkStatus></LinkObject></MetadataRecord>
<MetadataRecord xmlns="http://theeuropeanlibrary.org/internal_object_model" ID="2000048756886"><BibliographicLevelObject OrderIndex="39">MONOGRAPH</BibliographicLevelObject><CatalogingFormObject OrderIndex="38">ISBD</CatalogingFormObject><TitleObject OrderIndex="42" TitleType="MAIN"><Title>Giovanni III Sobieski e la bataglia di Vienna (12 settembre 1683)</Title></TitleObject><IdentifierObject IdentifierType="LOCAL_IDENTIFIER" OrderIndex="29"><Identifier>b11532816</Identifier></IdentifierObject><IdentifierObject IdentifierType="OAIPMH" OrderIndex="31"><Identifier>urn:theeuropeanlibrary.org:a0232:b11532816</Identifier></IdentifierObject><IdentifierObject IdentifierType="LOCAL_IDENTIFIER" OrderIndex="41"><Identifier>b11532816</Identifier><Scope>a0232</Scope></IdentifierObject><IdentifierObject ContextLevel="RECORD" FieldSource="TEL" OrderIndex="57" SpatialIdentifierType="TEL"><Identifier>1000006417912</Identifier><Scope>TEL</Scope></IdentifierObject><IllustrationsObject OrderIndex="36">ILLUSTRATIONS</IllustrationsObject><IllustrationsObject OrderIndex="37">NO_ILLUSTRATIONS</IllustrationsObject><SpatialEntityObject OrderIndex="48" SpatialRelation="PUBLICATION"><Identifiers><Identifier>IT</Identifier><Scope>ISO3166</Scope></Identifiers></SpatialEntityObject><NamedPlaceObject OrderIndex="46" SpatialRelation="PUBLICATION"><Identifiers><Identifier>1000006417912</Identifier><Scope>TEL</Scope></Identifiers><PlaceName>Roma</PlaceName></NamedPlaceObject><PrintTypeObject OrderIndex="35">PRINTED</PrintTypeObject><ProvenanceObject OrderIndex="32"><CollectionId>a0232</CollectionId><ProviderId>P01214</ProviderId></ProvenanceObject><StatusObject OrderIndex="28">UPDATED</StatusObject><TextObject OrderIndex="51" TextRelation="FORMAT_UNCONTROLED"><Content>fot., portr. ;</Content></TextObject><TextObject OrderIndex="52" TextRelation="EXTENT"><Content>71 s., [16] s. tabl. :</Content></TextObject><TextObject OrderIndex="53" TextRelation="EXTENT"><Content>22 cm.</Content></TextObject><TextObject OrderIndex="54" TextRelation="DESCRIPTION"><Content>Bibliogr. s. 69-70.</Content></TextObject><TextObject NoteType="EXTERNAL_INDEXES" OrderIndex="55" TextRelation="NOTE"><Content>BNI 1984. fasc. 8 poz. 9423.</Content></TextObject><OrganizationObject OrderIndex="47" PartyRelation="PUBLISHER"><PartyName>s. n.</PartyName></OrganizationObject><LanguageObject LanguageRelation="LANGUAGE_OF_CONTENT" OrderIndex="45">ITA</LanguageObject><ResourceTypeObject OrderIndex="34">TEXT</ResourceTypeObject><TopicObject OrderIndex="50"><TopicName>Bitwa 1683 r. pod Wiedniem</TopicName></TopicObject><AudienceObject OrderIndex="40">UNKNOW</AudienceObject><InstantObject OrderIndex="30" TemporalRelation="OP_LOADED"><Time>1358943214000</Time><Granularity>SECOND</Granularity><Uncertain>false</Uncertain></InstantObject><InstantObject OrderIndex="44" TemporalRelation="PUBLICATION"><Time>441763200000</Time><Granularity>YEAR</Granularity><Uncertain>false</Uncertain></InstantObject><MetadataObject FieldSource="PROVIDER" Format="marc21" OrderIndex="33"><record xmlns="info:lc/xmlns/marcxchange-v1"><leader>00977nam a2200253 i 4500</leader><controlfield tag="001">b11532816</controlfield><controlfield tag="008">981002s1984    it a         |000 0 ita  </controlfield><datafield ind1=" " ind2=" " tag="040"><subfield code="a">WA N</subfield><subfield code="c">WA N</subfield></datafield><datafield ind1="1" ind2=" " tag="100"><subfield code="a">Woś, Jan Władysław</subfield><subfield code="d">(1939- ).</subfield></datafield><datafield ind1="1" ind2="0" tag="245"><subfield code="a">Giovanni III Sobieski e la bataglia di Vienna (12 settembre 1683) /</subfield><subfield code="c">Jan Władysław Woś ; [a cura della Fond. Giovanni Paolo II].</subfield></datafield><datafield ind1=" " ind2=" " tag="260"><subfield code="a">Roma :</subfield><subfield code="b">[s. n.],</subfield><subfield code="c">1984</subfield><subfield code="e">(Roma :</subfield><subfield code="f">Romagrafik).</subfield></datafield><datafield ind1=" " ind2=" " tag="300"><subfield code="a">71 s., [16] s. tabl. :</subfield><subfield code="b">fot., portr. ;</subfield><subfield code="c">22 cm.</subfield></datafield><datafield ind1=" " ind2=" " tag="504"><subfield code="a">Bibliogr. s. 69-70.</subfield></datafield><datafield ind1="4" ind2=" " tag="510"><subfield code="a">BNI 1984</subfield><subfield code="c">fasc. 8 poz. 9423.</subfield></datafield><datafield ind1="0" ind2="4" tag="600"><subfield code="a">Jan</subfield><subfield code="b">III Sobieski</subfield><subfield code="c">(król Polski ;</subfield><subfield code="d">1629-1696)</subfield></datafield><datafield ind1=" " ind2="4" tag="650"><subfield code="a">Bitwa 1683 r. pod Wiedniem</subfield></datafield><datafield ind1=" " ind2=" " tag="902"><subfield code="a">121211</subfield><subfield code="c">981005</subfield><subfield code="d">m</subfield><subfield code="e">a</subfield><subfield code="f">-</subfield><subfield code="g">0</subfield></datafield><datafield ind1=" " ind2=" " tag="907"><subfield code="b">bk   </subfield><subfield code="c">-</subfield></datafield><datafield ind1=" " ind2=" " tag="960"><subfield code="a">II 1.703.260</subfield><subfield code="c">bk   </subfield><subfield code="d">30001005185519</subfield><subfield code="h">1997 k 653/135</subfield><subfield code="i">Z 0,12</subfield><subfield code="k">1</subfield><subfield code="l">-</subfield><subfield code="o">1</subfield></datafield><datafield ind1=" " ind2=" " tag="960"><subfield code="a">II 1.840.836 A</subfield><subfield code="c">bk   </subfield><subfield code="d">30001009531428</subfield><subfield code="h">1994 k 407/10</subfield><subfield code="i">Z 0,12</subfield><subfield code="k">1</subfield><subfield code="l">-</subfield><subfield code="o">0</subfield></datafield><datafield ind1=" " ind2=" " tag="996"><subfield code="a">.b11532816</subfield></datafield><datafield ind1=" " ind2=" " tag="998"><subfield code="a">ik</subfield><subfield code="a">o</subfield></datafield><datafield ind1=" " ind2=" " tag="999"><subfield code="a">JB</subfield><subfield code="b">js</subfield><subfield code="b">mb</subfield><subfield code="b">ae</subfield></datafield><datafield ind1=" " ind2=" " tag="999"><subfield code="a">anno</subfield></datafield></record>