</MetadataObject><PersonObject OrderIndex="43" PartyRelation="CREATOR"><PartyName>Jan Władysław Woś</PartyName><LifePeriod><Start><Time>-978307200000</Time><Granularity>YEAR</Granularity><Uncertain>false</Uncertain></Start></LifePeriod><FirstNames>Jan Władysław</FirstNames><Surname>Woś</Surname></PersonObject><PersonObject OrderIndex="49" PartyRelation="SUBJECT"><PartyName>Jan</PartyName><LifePeriod><Start><Time>-10760860800000</Time><Granularity>YEAR</Granularity><Uncertain>false</Uncertain></Start><End><Time>-8646566400000</Time><Granularity>YEAR</Granularity><Uncertain>false</Uncertain></End></LifePeriod><Surname>Jan</Surname></PersonObject><LinkObject FieldSource="TEL" LinkTarget="CATALOGUE_RECORD" OrderIndex="56"><Url>http://alpha.bn.org.pl/record=b1153281*pol</Url><LinkStatus>NOT_CHECKED</LinkStatus></LinkObject></MetadataRecord>
<MetadataRecord xmlns="http://theeuropeanlibrary.org/internal_object_model" ID="2000048756962"><BibliographicLevelObject OrderIndex="38">MONOGRAPH</BibliographicLevelObject><CatalogingFormObject OrderIndex="37">ISBD</CatalogingFormObject><TitleObject OrderIndex="41" TitleType="MAIN"><Title>Historia dla V klasy szkół powszechnych</Title></TitleObject><IdentifierObject IdentifierType="LOCAL_IDENTIFIER" OrderIndex="28"><Identifier>b11533572</Identifier></IdentifierObject><IdentifierObject IdentifierType="OAIPMH" OrderIndex="30"><Identifier>urn:theeuropeanlibrary.org:a0232:b11533572</Identifier></IdentifierObject><IdentifierObject IdentifierType="LOCAL_IDENTIFIER" OrderIndex="40"><Identifier>b11533572</Identifier><Scope>a0232</Scope></IdentifierObject><IdentifierObject ContextLevel="CONTENT" FieldSource="TEL" KnowledgeOrganizationSystem="TEL" OrderIndex="55"><Identifier>1000000089000</Identifier><Scope>TEL</Scope></IdentifierObject><IdentifierObject ContextLevel="RECORD" FieldSource="TEL" OrderIndex="56" PartyIdentifierType="TEL"><Identifier>1000015528754</Identifier><Scope>TEL</Scope></IdentifierObject><IllustrationsObject OrderIndex="35">ILLUSTRATIONS</IllustrationsObject><IllustrationsObject OrderIndex="36">NO_ILLUSTRATIONS</IllustrationsObject><SpatialEntityObject OrderIndex="47" SpatialRelation="PUBLICATION"><Identifiers><Identifier>IT</Identifier><Scope>ISO3166</Scope></Identifiers></SpatialEntityObject><NamedPlaceObject OrderIndex="45" SpatialRelation="PUBLICATION"><PlaceName>Bari</PlaceName></NamedPlaceObject><PrintTypeObject OrderIndex="34">PRINTED</PrintTypeObject><ProvenanceObject OrderIndex="31"><CollectionId>a0232</CollectionId><ProviderId>P01214</ProviderId></ProvenanceObject><StatusObject OrderIndex="27">UPDATED</StatusObject><TextObject OrderIndex="50" TextRelation="FORMAT_UNCONTROLED"><Content>err. ;</Content></TextObject><TextObject OrderIndex="51" TextRelation="EXTENT"><Content>131 s. :</Content></TextObject><TextObject OrderIndex="52" TextRelation="EXTENT"><Content>33 cm.</Content></TextObject><TextObject NoteType="GENERAL" OrderIndex="53" TextRelation="NOTE"><Content>Maszyn. powiel.</Content></TextObject><OrganizationObject OrderIndex="46" PartyRelation="PUBLISHER"><PartyName>Sekcja Wydawnicza 2 Korpusu</PartyName></OrganizationObject><LanguageObject LanguageRelation="LANGUAGE_OF_CONTENT" OrderIndex="44">POL</LanguageObject><ResourceTypeObject OrderIndex="33">TEXT</ResourceTypeObject><TopicObject OrderIndex="48"><GeneralSubdivision>szkoły podstawowe</GeneralSubdivision><TopicName>Historia</TopicName><Identifiers><Identifier>1000000089000</Identifier><Scope>TEL</Scope></Identifiers></TopicObject><TopicObject OrderIndex="49"><TopicName>Podręczniki dla szkół podstawowych</TopicName></TopicObject><AudienceObject OrderIndex="39">UNKNOW</AudienceObject><InstantObject OrderIndex="29" TemporalRelation="OP_LOADED"><Time>1358943240000</Time><Granularity>SECOND</Granularity><Uncertain>false</Uncertain></InstantObject><InstantObject OrderIndex="43" TemporalRelation="PUBLICATION"><Time>-788922000000</Time><Granularity>YEAR</Granularity><Uncertain>false</Uncertain></InstantObject><MetadataObject FieldSource="PROVIDER" Format="marc21" OrderIndex="32"><record xmlns="info:lc/xmlns/marcxchange-v1"><leader>00796nam a2200253 i 4500</leader><controlfield tag="001">b11533572</controlfield><controlfield tag="008">981002s1945    it a         |000 0 pol  </controlfield><datafield ind1=" " ind2=" " tag="040"><subfield code="a">WA N</subfield><subfield code="c">WA N</subfield></datafield><datafield ind1="1" ind2=" " tag="100"><subfield code="a">Gebertowa, Gizela</subfield><subfield code="d">(1882-1964).</subfield></datafield><datafield ind1="1" ind2="0" tag="245"><subfield code="a">Historia dla V klasy szkół powszechnych /</subfield><subfield code="c">G. Gebertowa.</subfield></datafield><datafield ind1=" " ind2=" " tag="260"><subfield code="a">Bari :</subfield><subfield code="b">Sekcja Wydawnicza 2 Korpusu,</subfield><subfield code="c">1945.</subfield></datafield><datafield ind1=" " ind2=" " tag="300"><subfield code="a">131 s. :</subfield><subfield code="b">err. ;</subfield><subfield code="c">33 cm.</subfield></datafield><datafield ind1=" " ind2=" " tag="500"><subfield code="a">Maszyn. powiel.</subfield></datafield><datafield ind1=" " ind2="4" tag="650"><subfield code="a">Historia</subfield><subfield code="x">szkoły podstawowe</subfield></datafield><datafield ind1=" " ind2="4" tag="655"><subfield code="a">Podręczniki dla szkół podstawowych</subfield></datafield><datafield ind1=" " ind2=" " tag="902"><subfield code="a">121211</subfield><subfield code="c">981005</subfield><subfield code="d">m</subfield><subfield code="e">a</subfield><subfield code="f">-</subfield><subfield code="g">0</subfield></datafield><datafield ind1=" " ind2=" " tag="907"><subfield code="b">bk   </subfield><subfield code="c">-</subfield></datafield><datafield ind1=" " ind2=" " tag="960"><subfield code="a">III 391.430</subfield><subfield code="c">bk   </subfield><subfield code="h">1966 k 183/6</subfield><subfield code="i">Z 0,00</subfield><subfield code="l">-</subfield><subfield code="o">1</subfield></datafield><datafield ind1=" " ind2=" " tag="960"><subfield code="a">III 1.476.187 A</subfield><subfield code="c">bk   </subfield><subfield code="h">1995 d 49/17</subfield><subfield code="i">Z 0,20</subfield><subfield code="k">1</subfield><subfield code="l">-</subfield><subfield code="o">0</subfield></datafield><datafield ind1=" " ind2=" " tag="996"><subfield code="a">.b11533572</subfield></datafield><datafield ind1=" " ind2=" " tag="998"><subfield code="a">ik</subfield><subfield code="a">o</subfield></datafield><datafield ind1=" " ind2=" " tag="999"><subfield code="a">JB</subfield><subfield code="b">js</subfield></datafield><datafield ind1=" " ind2=" " tag="999"><subfield code="a">resi</subfield></datafield><datafield ind1=" " ind2=" " tag="999"><subfield code="a">ae</subfield></datafield></record>