</MetadataObject><PersonObject OrderIndex="42" PartyRelation="CREATOR"><PartyName>Gizela Gebertowa</PartyName><Identifiers><Identifier>1000015528754</Identifier><Scope>TEL</Scope></Identifiers><LifePeriod><Start><Time>-2776982400000</Time><Granularity>YEAR</Granularity><Uncertain>false</Uncertain></Start><End><Time>-189388800000</Time><Granularity>YEAR</Granularity><Uncertain>false</Uncertain></End></LifePeriod><FirstNames>Gizela</FirstNames><Surname>Gebertowa</Surname></PersonObject><LinkObject FieldSource="TEL" LinkTarget="CATALOGUE_RECORD" OrderIndex="54"><Url>http://alpha.bn.org.pl/record=b1153357*pol</Url><LinkStatus>NOT_CHECKED</LinkStatus></LinkObject></MetadataRecord>
<MetadataRecord xmlns="http://theeuropeanlibrary.org/internal_object_model" ID="2000048756983"><BibliographicLevelObject OrderIndex="39">MONOGRAPH</BibliographicLevelObject><CatalogingFormObject OrderIndex="38">ISBD</CatalogingFormObject><TitleObject OrderIndex="44" TitleType="MAIN"><Title>Šljacham stagoddzjaŭ</Title><SubTitle>matèryjaly dzvjuch kanferèncyj adnago goda: Jagelonskì unìversìtèt (Krakaŭ) 20-25 ljutaga 1989 g., Belaruskì unìversìtèt (Mìnsk) 23-28 kastryčnìka 1989 g</SubTitle></TitleObject><IdentifierObject IdentifierType="LOCAL_IDENTIFIER" OrderIndex="30"><Identifier>b11533791</Identifier></IdentifierObject><IdentifierObject IdentifierType="OAIPMH" OrderIndex="32"><Identifier>urn:theeuropeanlibrary.org:a0232:b11533791</Identifier></IdentifierObject><IdentifierObject IdentifierType="LOCAL_IDENTIFIER" OrderIndex="41"><Identifier>b11533791</Identifier><Scope>a0232</Scope></IdentifierObject><IdentifierObject IdentifierType="ISBN" OrderIndex="42"><Identifier>5785505940</Identifier></IdentifierObject><IllustrationsObject OrderIndex="37">NO_ILLUSTRATIONS</IllustrationsObject><SpatialEntityObject OrderIndex="50" SpatialRelation="PUBLICATION"><Identifiers><Identifier>BY</Identifier><Scope>ISO3166</Scope></Identifiers></SpatialEntityObject><NamedPlaceObject OrderIndex="48" SpatialRelation="PUBLICATION"><PlaceName>Mìnsk</PlaceName></NamedPlaceObject><PrintTypeObject OrderIndex="36">PRINTED</PrintTypeObject><ProvenanceObject OrderIndex="33"><CollectionId>a0232</CollectionId><ProviderId>P01214</ProviderId></ProvenanceObject><StatusObject OrderIndex="29">UPDATED</StatusObject><TextObject OrderIndex="43" TextRelation="STATEMENT_OF_RESPONSIBILITY"><Content>[pad rèd. A. A. Lojkì].</Content></TextObject><TextObject OrderIndex="56" TextRelation="EXTENT"><Content>165, [3] s. ;</Content></TextObject><TextObject OrderIndex="57" TextRelation="EXTENT"><Content>20 cm.</Content></TextObject><OrganizationObject OrderIndex="49" PartyRelation="PUBLISHER"><PartyName>”Unìversìtèckae“</PartyName></OrganizationObject><LanguageObject LanguageRelation="LANGUAGE_OF_CONTENT" OrderIndex="47">BEL</LanguageObject><ResourceTypeObject OrderIndex="35">TEXT</ResourceTypeObject><TopicObject OrderIndex="51"><GeneralSubdivision>a język polski</GeneralSubdivision><TopicName>Język białoruski</TopicName></TopicObject><TopicObject OrderIndex="52"><ChronologicalSubdivision><Instant><Time>-61612531200000</Time><Granularity>MONTH</Granularity><Uncertain>false</Uncertain></Instant></ChronologicalSubdivision><TopicName>Język białoruski</TopicName></TopicObject><TopicObject OrderIndex="53"><GeneralSubdivision>a literatura polska</GeneralSubdivision><TopicName>Literatura białoruska</TopicName></TopicObject><TopicObject OrderIndex="54"><GeneralSubdivision>historia</GeneralSubdivision><TopicName>Literatura białoruska</TopicName></TopicObject><TopicObject OrderIndex="55"><TopicName>Materiały konferencyjne</TopicName></TopicObject><AudienceObject OrderIndex="40">UNKNOW</AudienceObject><InstantObject OrderIndex="31" TemporalRelation="OP_LOADED"><Time>1358943240000</Time><Granularity>SECOND</Granularity><Uncertain>false</Uncertain></InstantObject><InstantObject OrderIndex="46" TemporalRelation="PUBLICATION"><Time>694224000000</Time><Granularity>YEAR</Granularity><Uncertain>false</Uncertain></InstantObject><MetadataObject FieldSource="PROVIDER" Format="marc21" OrderIndex="34"><record xmlns="info:lc/xmlns/marcxchange-v1"><leader>01153nam a2200301 i 4500</leader><controlfield tag="001">b11533791</controlfield><controlfield tag="008">981002s1992    bw           |100 0 bel  </controlfield><datafield ind1=" " ind2=" " tag="020"><subfield code="a">5785505940</subfield></datafield><datafield ind1=" " ind2=" " tag="040"><subfield code="a">WA N</subfield><subfield code="c">WA N</subfield></datafield><datafield ind1="0" ind2="0" tag="245"><subfield code="a">Šljacham stagoddzjaŭ :</subfield><subfield code="b">matèryjaly dzvjuch kanferèncyj adnago goda: Jagelonskì unìversìtèt (Krakaŭ) 20-25 ljutaga 1989 g., Belaruskì unìversìtèt (Mìnsk) 23-28 kastryčnìka 1989 g. /</subfield><subfield code="c">[pad rèd. A. A. Lojkì].</subfield></datafield><datafield ind1=" " ind2=" " tag="260"><subfield code="a">Mìnsk :</subfield><subfield code="b">”Unìversìtèckae“,</subfield><subfield code="c">1992.</subfield></datafield><datafield ind1=" " ind2=" " tag="300"><subfield code="a">165, [3] s. ;</subfield><subfield code="c">20 cm.</subfield></datafield><datafield ind1=" " ind2="4" tag="650"><subfield code="a">Język białoruski</subfield><subfield code="x">a język polski</subfield></datafield><datafield ind1=" " ind2="4" tag="650"><subfield code="a">Język białoruski</subfield><subfield code="y">16-20 w.</subfield></datafield><datafield ind1=" " ind2="4" tag="655"><subfield code="a">Literatura białoruska</subfield><subfield code="x">a literatura polska</subfield></datafield><datafield ind1=" " ind2="4" tag="655"><subfield code="a">Literatura białoruska</subfield><subfield code="x">historia</subfield></datafield><datafield ind1=" " ind2="4" tag="655"><subfield code="a">Materiały konferencyjne</subfield></datafield><datafield ind1="1" ind2=" " tag="700"><subfield code="a">Lojka, Aleg Antonavìč</subfield><subfield code="d">(1931- ).</subfield><subfield code="e">Red.</subfield></datafield><datafield ind1=" " ind2=" " tag="902"><subfield code="a">121211</subfield><subfield code="c">981005</subfield><subfield code="d">m</subfield><subfield code="e">a</subfield><subfield code="f">-</subfield><subfield code="g">0</subfield></datafield><datafield ind1=" " ind2=" " tag="907"><subfield code="b">bk   </subfield><subfield code="c">-</subfield></datafield><datafield ind1=" " ind2=" " tag="920"><subfield code="a">5-7855-0594-0</subfield></datafield><datafield ind1=" " ind2=" " tag="960"><subfield code="a">I 1.764.618</subfield><subfield code="c">bk   </subfield><subfield code="d">30001008919401</subfield><subfield code="h">1994 w 481/34</subfield><subfield code="i">Z 0,10</subfield><subfield code="k">1</subfield><subfield code="l">-</subfield><subfield code="o">1</subfield></datafield><datafield ind1=" " ind2=" " tag="960"><subfield code="a">I 1.378.458 A</subfield><subfield code="c">bk   </subfield><subfield code="h">1992 w 384/8</subfield><subfield code="i">Z 0,00</subfield><subfield code="l">-</subfield><subfield code="o">0</subfield></datafield><datafield ind1=" " ind2=" " tag="996"><subfield code="a">.b11533791</subfield></datafield><datafield ind1=" " ind2=" " tag="998"><subfield code="a">ik</subfield><subfield code="a">o</subfield></datafield><datafield ind1=" " ind2=" " tag="999"><subfield code="a">JB</subfield><subfield code="b">js</subfield></datafield><datafield ind1=" " ind2=" " tag="999"><subfield code="a">rodo</subfield></datafield><datafield ind1=" " ind2=" " tag="999"><subfield code="a">mb</subfield></datafield></record>