</MetadataObject><PersonObject OrderIndex="45" PartyRelation="CONTRIBUTOR"><PartyName>Aleg Antonavìč Lojka</PartyName><LifePeriod><Start><Time>-1230768000000</Time><Granularity>YEAR</Granularity><Uncertain>false</Uncertain></Start></LifePeriod><FirstNames>Aleg Antonavìč</FirstNames><Surname>Lojka</Surname></PersonObject><LinkObject FieldSource="TEL" LinkTarget="CATALOGUE_RECORD" OrderIndex="58"><Url>http://alpha.bn.org.pl/record=b1153379*pol</Url><LinkStatus>NOT_CHECKED</LinkStatus></LinkObject></MetadataRecord>
<MetadataRecord xmlns="http://theeuropeanlibrary.org/internal_object_model" ID="2000048756934"><BibliographicLevelObject OrderIndex="42">MONOGRAPH</BibliographicLevelObject><CatalogingFormObject OrderIndex="41">ISBD</CatalogingFormObject><TitleObject OrderIndex="46" TitleType="MAIN"><Title>Little King Matty ; ... And the Desert Island</Title></TitleObject><TitleObject OrderIndex="47" TitleType="UNIFORM"><Title>Król Maciuś Pierwszy</Title></TitleObject><TitleObject OrderIndex="48" TitleType="ALTERNATIVE"><Title>Król Maciuś Pierwszy</Title></TitleObject><TitleObject OrderIndex="49" TitleType="ALTERNATIVE"><Title>Król Maciuś na wyspie bezludnej</Title></TitleObject><IdentifierObject IdentifierType="LOCAL_IDENTIFIER" OrderIndex="32"><Identifier>b11533298</Identifier></IdentifierObject><IdentifierObject IdentifierType="OAIPMH" OrderIndex="34"><Identifier>urn:theeuropeanlibrary.org:a0232:b11533298</Identifier></IdentifierObject><IdentifierObject IdentifierType="LOCAL_IDENTIFIER" OrderIndex="44"><Identifier>b11533298</Identifier><Scope>a0232</Scope></IdentifierObject><IdentifierObject IdentifierType="ISBN" OrderIndex="45"><Identifier>1871424011</Identifier></IdentifierObject><IdentifierObject ContextLevel="RECORD" FieldSource="TEL" OrderIndex="63" PartyIdentifierType="TEL"><Identifier>1000015775441</Identifier><Scope>TEL</Scope></IdentifierObject><IdentifierObject ContextLevel="RECORD" FieldSource="TEL" OrderIndex="64" PartyIdentifierType="TEL"><Identifier>1000021312283</Identifier><Scope>TEL</Scope></IdentifierObject><IdentifierObject ContextLevel="RECORD" FieldSource="TEL" OrderIndex="65" PartyIdentifierType="TEL"><Identifier>1000022258881</Identifier><Scope>TEL</Scope></IdentifierObject><IdentifierObject ContextLevel="RECORD" FieldSource="TEL" OrderIndex="66" PartyIdentifierType="TEL"><Identifier>2000072076104</Identifier><Scope>TEL</Scope></IdentifierObject><IdentifierObject ContextLevel="RECORD" FieldSource="TEL" OrderIndex="67" PartyIdentifierType="TEL"><Identifier>1000014898618</Identifier><Scope>TEL</Scope></IdentifierObject><IdentifierObject ContextLevel="RECORD" FieldSource="TEL" OrderIndex="68" SpatialIdentifierType="TEL"><Identifier>1000005368670</Identifier><Scope>TEL</Scope></IdentifierObject><IllustrationsObject OrderIndex="39">ILLUSTRATIONS</IllustrationsObject><IllustrationsObject OrderIndex="40">NO_ILLUSTRATIONS</IllustrationsObject><SpatialEntityObject OrderIndex="57" SpatialRelation="PUBLICATION"><Identifiers><Identifier>GB</Identifier><Scope>ISO3166</Scope></Identifiers></SpatialEntityObject><NamedPlaceObject OrderIndex="55" SpatialRelation="PUBLICATION"><Identifiers><Identifier>1000005368670</Identifier><Scope>TEL</Scope></Identifiers><PlaceName>London</PlaceName></NamedPlaceObject><PrintTypeObject OrderIndex="38">PRINTED</PrintTypeObject><ProvenanceObject OrderIndex="35"><CollectionId>a0232</CollectionId><ProviderId>P01214</ProviderId></ProvenanceObject><StatusObject OrderIndex="31">UPDATED</StatusObject><TextObject OrderIndex="59" TextRelation="FORMAT_UNCONTROLED"><Content>il. ;</Content></TextObject><TextObject OrderIndex="60" TextRelation="EXTENT"><Content>432 s. :</Content></TextObject><TextObject OrderIndex="61" TextRelation="EXTENT"><Content>23 cm.</Content></TextObject><OrganizationObject OrderIndex="56" PartyRelation="PUBLISHER"><PartyName>J. Pinewood Enterprises</PartyName></OrganizationObject><LanguageObject LanguageRelation="LANGUAGE_OF_CONTENT" OrderIndex="54">ENG</LanguageObject><ResourceTypeObject OrderIndex="37">TEXT</ResourceTypeObject><TopicObject OrderIndex="58"><ChronologicalSubdivision><Instant><Time>-61536240000000</Time><Granularity>YEAR</Granularity><Uncertain>false</Uncertain></Instant></ChronologicalSubdivision><TopicName>Powieść dziecięca polska</TopicName></TopicObject><AudienceObject OrderIndex="43">UNKNOW</AudienceObject><InstantObject OrderIndex="33" TemporalRelation="OP_LOADED"><Time>1358943216000</Time><Granularity>SECOND</Granularity><Uncertain>false</Uncertain></InstantObject><InstantObject OrderIndex="53" TemporalRelation="PUBLICATION"><Time>631152000000</Time><Granularity>YEAR</Granularity><Uncertain>false</Uncertain></InstantObject><MetadataObject FieldSource="PROVIDER" Format="marc21" OrderIndex="36"><record xmlns="info:lc/xmlns/marcxchange-v1"><leader>01119nam a2200301 i 4500</leader><controlfield tag="001">b11533298</controlfield><controlfield tag="008">981002s1990    xxka         |000 f eng  </controlfield><datafield ind1=" " ind2=" " tag="020"><subfield code="a">1871424011</subfield></datafield><datafield ind1=" " ind2=" " tag="040"><subfield code="a">WA N</subfield><subfield code="c">WA N</subfield></datafield><datafield ind1="1" ind2=" " tag="041"><subfield code="a">eng</subfield><subfield code="h">pol</subfield></datafield><datafield ind1="1" ind2=" " tag="100"><subfield code="a">Korczak, Janusz</subfield><subfield code="d">(1878?-1942).</subfield></datafield><datafield ind1="1" ind2="0" tag="240"><subfield code="a">Król Maciuś Pierwszy</subfield><subfield code="l">(ang.)</subfield></datafield><datafield ind1="1" ind2="0" tag="245"><subfield code="a">Little King Matty ; ... And the Desert Island /</subfield><subfield code="c">Janusz Korczak ; transl. by Adam Czasak ; ill. by Marcin Rustecki.</subfield></datafield><datafield ind1="1" ind2=" " tag="246"><subfield code="i">Tyt. oryg.:</subfield><subfield code="a">Król Maciuś Pierwszy</subfield></datafield><datafield ind1="1" ind2=" " tag="246"><subfield code="i">Tyt. oryg.:</subfield><subfield code="a">Król Maciuś na wyspie bezludnej</subfield></datafield><datafield ind1=" " ind2=" " tag="260"><subfield code="a">London :</subfield><subfield code="b">J. Pinewood Enterprises,</subfield><subfield code="c">1990.</subfield></datafield><datafield ind1=" " ind2=" " tag="300"><subfield code="a">432 s. :</subfield><subfield code="b">il. ;</subfield><subfield code="c">23 cm.</subfield></datafield><datafield ind1=" " ind2="4" tag="655"><subfield code="a">Powieść dziecięca polska</subfield><subfield code="y">20 w.</subfield></datafield><datafield ind1="1" ind2=" " tag="700"><subfield code="a">Czasak, Adam.</subfield><subfield code="e">Tł.</subfield></datafield><datafield ind1="1" ind2=" " tag="700"><subfield code="a">Rustecki, Marcin</subfield><subfield code="d">(1959- ).</subfield><subfield code="e">Il.</subfield></datafield><datafield ind1="1" ind2="2" tag="700"><subfield code="a">Korczak, Janusz</subfield><subfield code="d">(1878?-1942).</subfield><subfield code="t">Król Maciuś na wyspie bezludnej</subfield><subfield code="l">(ang.)</subfield></datafield><datafield ind1=" " ind2=" " tag="902"><subfield code="a">121219</subfield><subfield code="c">981005</subfield><subfield code="d">m</subfield><subfield code="e">a</subfield><subfield code="f">-</subfield><subfield code="g">0</subfield></datafield><datafield ind1=" " ind2=" " tag="907"><subfield code="b">bk   </subfield><subfield code="c">-</subfield></datafield><datafield ind1=" " ind2=" " tag="920"><subfield code="a">1-871-424-01-1</subfield></datafield><datafield ind1=" " ind2=" " tag="960"><subfield code="a">II 1.840.227 A</subfield><subfield code="c">bk   </subfield><subfield code="d">30001005362944</subfield><subfield code="h">1994 w 143/3</subfield><subfield code="i">Z 0,00</subfield><subfield code="l">-</subfield><subfield code="o">0</subfield></datafield><datafield ind1=" " ind2=" " tag="996"><subfield code="a">.b11533298</subfield></datafield><datafield ind1=" " ind2=" " tag="998"><subfield code="a">ik</subfield><subfield code="a">o</subfield></datafield><datafield ind1=" " ind2=" " tag="999"><subfield code="a">at</subfield><subfield code="b">js</subfield><subfield code="b">ae</subfield><subfield code="a">rzretro1207</subfield><subfield code="b">ab</subfield></datafield></record>