</MetadataObject><PersonObject OrderIndex="50" PartyRelation="CREATOR"><PartyName>Janusz Korczak</PartyName><Identifiers><Identifier>2000072076104</Identifier><Scope>TEL</Scope></Identifiers><Identifiers><Identifier>1000022258881</Identifier><Scope>TEL</Scope></Identifiers><Identifiers><Identifier>1000014898618</Identifier><Scope>TEL</Scope></Identifiers><LifePeriod><Start><Time>-2903212800000</Time><Granularity>YEAR</Granularity><Uncertain>true</Uncertain></Start><End><Time>-883616400000</Time><Granularity>YEAR</Granularity><Uncertain>false</Uncertain></End></LifePeriod><FirstNames>Janusz</FirstNames><Surname>Korczak</Surname></PersonObject><PersonObject OrderIndex="51" PartyRelation="CONTRIBUTOR"><PartyName>Adam. Czasak</PartyName><Identifiers><Identifier>1000021312283</Identifier><Scope>TEL</Scope></Identifiers><FirstNames>Adam.</FirstNames><Surname>Czasak</Surname></PersonObject><PersonObject OrderIndex="52" PartyRelation="CONTRIBUTOR"><PartyName>Marcin Rustecki</PartyName><Identifiers><Identifier>1000015775441</Identifier><Scope>TEL</Scope></Identifiers><LifePeriod><Start><Time>-347155200000</Time><Granularity>YEAR</Granularity><Uncertain>false</Uncertain></Start></LifePeriod><FirstNames>Marcin</FirstNames><Surname>Rustecki</Surname></PersonObject><LinkObject FieldSource="TEL" LinkTarget="CATALOGUE_RECORD" OrderIndex="62"><Url>http://alpha.bn.org.pl/record=b1153329*pol</Url><LinkStatus>NOT_CHECKED</LinkStatus></LinkObject></MetadataRecord>
<MetadataRecord xmlns="http://theeuropeanlibrary.org/internal_object_model" ID="2000048756956"><BibliographicLevelObject OrderIndex="41">MONOGRAPH</BibliographicLevelObject><CatalogingFormObject OrderIndex="40">ISBD</CatalogingFormObject><TitleObject OrderIndex="45" TitleType="MAIN"><Title>Teatral'naja kul'tura Belorussii XVIII veka</Title></TitleObject><IdentifierObject IdentifierType="LOCAL_IDENTIFIER" OrderIndex="31"><Identifier>b11533511</Identifier></IdentifierObject><IdentifierObject IdentifierType="OAIPMH" OrderIndex="33"><Identifier>urn:theeuropeanlibrary.org:a0232:b11533511</Identifier></IdentifierObject><IdentifierObject IdentifierType="LOCAL_IDENTIFIER" OrderIndex="43"><Identifier>b11533511</Identifier><Scope>a0232</Scope></IdentifierObject><IdentifierObject IdentifierType="ISBN" OrderIndex="44"><Identifier>534301044X</Identifier></IdentifierObject><IdentifierObject ContextLevel="RECORD" FieldSource="TEL" OrderIndex="61" SpatialIdentifierType="TEL"><Identifier>1000001322574</Identifier><Scope>TEL</Scope></IdentifierObject><IdentifierObject ContextLevel="CONTENT" FieldSource="TEL" OrderIndex="62" SpatialIdentifierType="TEL"><Identifier>1000001333694</Identifier><Scope>TEL</Scope></IdentifierObject><IllustrationsObject OrderIndex="38">ILLUSTRATIONS</IllustrationsObject><IllustrationsObject OrderIndex="39">NO_ILLUSTRATIONS</IllustrationsObject><SpatialEntityObject OrderIndex="51" SpatialRelation="PUBLICATION"><Identifiers><Identifier>BY</Identifier><Scope>ISO3166</Scope></Identifiers></SpatialEntityObject><NamedPlaceObject OrderIndex="49" SpatialRelation="PUBLICATION"><Identifiers><Identifier>1000001322574</Identifier><Scope>TEL</Scope></Identifiers><PlaceName>Minsk</PlaceName></NamedPlaceObject><NamedPlaceObject OrderIndex="54" SpatialRelation="SUBJECT"><Identifiers><Identifier>1000001333694</Identifier><Scope>TEL</Scope></Identifiers><PlaceName>Białoruś</PlaceName><Subject><GeneralSubdivision>kultura</GeneralSubdivision><ChronologicalSubdivision><Instant><Time>-61599312000000</Time><Granularity>YEAR</Granularity><Uncertain>false</Uncertain></Instant></ChronologicalSubdivision></Subject></NamedPlaceObject><PrintTypeObject OrderIndex="37">PRINTED</PrintTypeObject><ProvenanceObject OrderIndex="34"><CollectionId>a0232</CollectionId><ProviderId>P01214</ProviderId></ProvenanceObject><StatusObject OrderIndex="30">UPDATED</StatusObject><TextObject OrderIndex="55" TextRelation="FORMAT_UNCONTROLED"><Content>fot., pl., portr., reprod. ;</Content></TextObject><TextObject OrderIndex="56" TextRelation="EXTENT"><Content>290, [6] s. :</Content></TextObject><TextObject OrderIndex="57" TextRelation="EXTENT"><Content>23 cm.</Content></TextObject><TextObject NoteType="GENERAL" OrderIndex="58" TextRelation="NOTE"><Content>Dotyczy m. in. polskiego teatru dworskiego na byłych terenach polskich w XVIII w.</Content></TextObject><TextObject OrderIndex="59" TextRelation="DESCRIPTION"><Content>Bibliogr. s. 254-263. - Indeks.</Content></TextObject><OrganizationObject OrderIndex="50" PartyRelation="PUBLISHER"><PartyName>"Navuka ì tèchnìka"</PartyName></OrganizationObject><LanguageObject LanguageRelation="LANGUAGE_OF_CONTENT" OrderIndex="48">RUS</LanguageObject><ResourceTypeObject OrderIndex="36">TEXT</ResourceTypeObject><TopicObject OrderIndex="52"><GeneralSubdivision>historia</GeneralSubdivision><ChronologicalSubdivision><Instant><Time>-61599312000000</Time><Granularity>YEAR</Granularity><Uncertain>false</Uncertain></Instant></ChronologicalSubdivision><GeographicSubdivision><NamedPlace><PlaceName>Polska</PlaceName></NamedPlace></GeographicSubdivision><TopicName>Balet</TopicName></TopicObject><TopicObject OrderIndex="53"><GeneralSubdivision>historia</GeneralSubdivision><ChronologicalSubdivision><Instant><Time>-61599312000000</Time><Granularity>YEAR</Granularity><Uncertain>false</Uncertain></Instant></ChronologicalSubdivision><TopicName>Teatr polski</TopicName></TopicObject><AudienceObject OrderIndex="42">UNKNOW</AudienceObject><InstantObject OrderIndex="32" TemporalRelation="OP_LOADED"><Time>1358943240000</Time><Granularity>SECOND</Granularity><Uncertain>false</Uncertain></InstantObject><InstantObject OrderIndex="47" TemporalRelation="PUBLICATION"><Time>694224000000</Time><Granularity>YEAR</Granularity><Uncertain>false</Uncertain></InstantObject><MetadataObject FieldSource="PROVIDER" Format="marc21" OrderIndex="35"><record xmlns="info:lc/xmlns/marcxchange-v1"><leader>01236nam a2200301 i 4500</leader><controlfield tag="001">b11533511</controlfield><controlfield tag="008">981002s1992    bw a         |001 0 rus d</controlfield><datafield ind1=" " ind2=" " tag="020"><subfield code="a">534301044X</subfield></datafield><datafield ind1=" " ind2=" " tag="040"><subfield code="a">WA N</subfield><subfield code="c">WA N</subfield></datafield><datafield ind1="1" ind2=" " tag="100"><subfield code="a">Baryšaŭ, G. Ì.</subfield></datafield><datafield ind1="1" ind2="0" tag="245"><subfield code="a">Teatral'naja kul'tura Belorussii XVIII veka /</subfield><subfield code="c">G.I. Baryšev ; Sojuz teatral'nych dejatelej Respubliki Belarus'.</subfield></datafield><datafield ind1=" " ind2=" " tag="260"><subfield code="a">Minsk :</subfield><subfield code="b">"Navuka ì tèchnìka",</subfield><subfield code="c">1992.</subfield></datafield><datafield ind1=" " ind2=" " tag="300"><subfield code="a">290, [6] s. :</subfield><subfield code="b">fot., pl., portr., reprod. ;</subfield><subfield code="c">23 cm.</subfield></datafield><datafield ind1=" " ind2=" " tag="500"><subfield code="a">Dotyczy m. in. polskiego teatru dworskiego na byłych terenach polskich w XVIII w.</subfield></datafield><datafield ind1=" " ind2=" " tag="504"><subfield code="a">Bibliogr. s. 254-263. - Indeks.</subfield></datafield><datafield ind1=" " ind2="4" tag="650"><subfield code="a">Balet</subfield><subfield code="x">historia</subfield><subfield code="z">Polska</subfield><subfield code="y">18 w.</subfield></datafield><datafield ind1=" " ind2="4" tag="650"><subfield code="a">Teatr polski</subfield><subfield code="x">historia</subfield><subfield code="y">18 w.</subfield></datafield><datafield ind1=" " ind2="4" tag="651"><subfield code="a">Białoruś</subfield><subfield code="x">kultura</subfield><subfield code="y">18 w.</subfield></datafield><datafield ind1=" " ind2=" " tag="902"><subfield code="a">121219</subfield><subfield code="c">990226</subfield><subfield code="d">m</subfield><subfield code="e">a</subfield><subfield code="f">-</subfield><subfield code="g">0</subfield></datafield><datafield ind1=" " ind2=" " tag="907"><subfield code="b">bk   </subfield><subfield code="c">-</subfield></datafield><datafield ind1=" " ind2=" " tag="920"><subfield code="a">5-343-01044-X</subfield></datafield><datafield ind1=" " ind2=" " tag="960"><subfield code="a">II 2.716.205</subfield><subfield code="c">bk   </subfield><subfield code="d">30001012558535</subfield><subfield code="e">2.716.205</subfield><subfield code="f">2010.06.17</subfield><subfield code="g">M. Jagiełło Warszawa</subfield><subfield code="h">2010 d 387/39</subfield><subfield code="i">Z 150,00</subfield><subfield code="j">2010.07.22</subfield><subfield code="k">3</subfield><subfield code="l">-</subfield><subfield code="o">1</subfield><subfield code="y">Ded.: Baryšaŭ, G. Ì  na dobruju pamjat' [dla Michała Jagiełły].</subfield></datafield><datafield ind1=" " ind2=" " tag="960"><subfield code="a">II 1.841.186 A</subfield><subfield code="c">bk   </subfield><subfield code="d">30001008570923</subfield><subfield code="h">1992 w 520/3</subfield><subfield code="i">Z 0,10</subfield><subfield code="k">3</subfield><subfield code="l">-</subfield><subfield code="o">0</subfield></datafield><datafield ind1=" " ind2=" " tag="996"><subfield code="a">.b11533511</subfield></datafield><datafield ind1=" " ind2=" " tag="998"><subfield code="a">ik</subfield><subfield code="a">o</subfield></datafield><datafield ind1=" " ind2=" " tag="999"><subfield code="a">JB</subfield><subfield code="b">js</subfield></datafield><datafield ind1=" " ind2=" " tag="999"><subfield code="a">wakl</subfield></datafield><datafield ind1=" " ind2=" " tag="999"><subfield code="a">ae</subfield></datafield></record>