</MetadataObject><PersonObject OrderIndex="46" PartyRelation="CREATOR"><PartyName>G. Ì. Baryšaŭ</PartyName><FirstNames>G. Ì.</FirstNames><Surname>Baryšaŭ</Surname></PersonObject><LinkObject FieldSource="TEL" LinkTarget="CATALOGUE_RECORD" OrderIndex="60"><Url>http://alpha.bn.org.pl/record=b1153351*pol</Url><LinkStatus>NOT_CHECKED</LinkStatus></LinkObject></MetadataRecord>
<MetadataRecord xmlns="http://theeuropeanlibrary.org/internal_object_model" ID="2000048757029"><BibliographicLevelObject OrderIndex="41">MONOGRAPH</BibliographicLevelObject><CatalogingFormObject OrderIndex="40">ISBD</CatalogingFormObject><TitleObject OrderIndex="46" TitleType="MAIN"><Title>Die Beziehungen zwischen der Bundesrepublik Deutschland und der Volksrepublik Polen bis zur Konferenz über Sicherheit und Zusammenarbeit in Europa (Helsinki 1975)</Title><SubTitle>XIX. deutsch-polnische Schulbuchkonferenz der Historiker vom 20. bis 25. Mai in Saarbrücken</SubTitle></TitleObject><IdentifierObject IdentifierType="LOCAL_IDENTIFIER" OrderIndex="32"><Identifier>b11534254</Identifier></IdentifierObject><IdentifierObject IdentifierType="OAIPMH" OrderIndex="34"><Identifier>urn:theeuropeanlibrary.org:a0232:b11534254</Identifier></IdentifierObject><IdentifierObject IdentifierType="LOCAL_IDENTIFIER" OrderIndex="43"><Identifier>b11534254</Identifier><Scope>a0232</Scope></IdentifierObject><IdentifierObject IdentifierType="ISBN" OrderIndex="44"><Identifier>3883041106</Identifier></IdentifierObject><IdentifierObject ContextLevel="RECORD" FieldSource="TEL" OrderIndex="63" PartyIdentifierType="TEL"><Identifier>1000020822430</Identifier><Scope>TEL</Scope></IdentifierObject><IdentifierObject ContextLevel="RECORD" FieldSource="TEL" OrderIndex="64" SpatialIdentifierType="TEL"><Identifier>1000005969107</Identifier><Scope>TEL</Scope></IdentifierObject><IdentifierObject ContextLevel="CONTENT" FieldSource="TEL" OrderIndex="65" SpatialIdentifierType="TEL"><Identifier>1000005921967</Identifier><Scope>TEL</Scope></IdentifierObject><IllustrationsObject OrderIndex="39">NO_ILLUSTRATIONS</IllustrationsObject><SpatialEntityObject OrderIndex="52" SpatialRelation="PUBLICATION"><Identifiers><Identifier>DE</Identifier><Scope>ISO3166</Scope></Identifiers></SpatialEntityObject><NamedPlaceObject OrderIndex="50" SpatialRelation="PUBLICATION"><Identifiers><Identifier>1000005969107</Identifier><Scope>TEL</Scope></Identifiers><PlaceName>Braunschweig</PlaceName></NamedPlaceObject><NamedPlaceObject OrderIndex="53" SpatialRelation="SUBJECT"><Identifiers><Identifier>1000005921967</Identifier><Scope>TEL</Scope></Identifiers><PlaceName>Niemcy</PlaceName><Subject><GeneralSubdivision>a Polska</GeneralSubdivision></Subject></NamedPlaceObject><NamedPlaceObject OrderIndex="54" SpatialRelation="SUBJECT"><PlaceName>Polska</PlaceName><Subject><GeneralSubdivision>a Niemcy</GeneralSubdivision></Subject></NamedPlaceObject><PrintTypeObject OrderIndex="38">PRINTED</PrintTypeObject><ProvenanceObject OrderIndex="35"><CollectionId>a0232</CollectionId><ProviderId>P01214</ProviderId></ProvenanceObject><StatusObject OrderIndex="31">UPDATED</StatusObject><TextObject OrderIndex="45" TextRelation="STATEMENT_OF_RESPONSIBILITY"><Content>Red. Wolfgang Jacobmeyer ; Gemeinsame Deutsch-Polnische Schulbuchkommission.</Content></TextObject><TextObject OrderIndex="58" TextRelation="EXTENT"><Content>248 s. ;</Content></TextObject><TextObject OrderIndex="59" TextRelation="EXTENT"><Content>24 cm.</Content></TextObject><TextObject NoteType="GENERAL" OrderIndex="60" TextRelation="NOTE"><Content>Dotyczy m. in. Polski.</Content></TextObject><TextObject OrderIndex="61" TextRelation="DESCRIPTION"><Content>Bibliogr. s. 245-248.</Content></TextObject><OrganizationObject OrderIndex="51" PartyRelation="PUBLISHER"><PartyName>Selbstverl. des Georg-Inst. für Intern. Schulbuchforschung</PartyName></OrganizationObject><LanguageObject LanguageRelation="LANGUAGE_OF_CONTENT" OrderIndex="49">GER</LanguageObject><ResourceTypeObject OrderIndex="37">TEXT</ResourceTypeObject><TopicObject OrderIndex="55"><TopicName>Materiały konferencyjne</TopicName></TopicObject><TopicObject OrderIndex="56"><GeneralSubdivision>historia</GeneralSubdivision><GeographicSubdivision><NamedPlace><PlaceName>Niemcy (Republika Federalna)</PlaceName></NamedPlace></GeographicSubdivision><TopicName>Podręczniki szkolne</TopicName></TopicObject><TopicObject OrderIndex="57"><GeneralSubdivision>historia</GeneralSubdivision><ChronologicalSubdivision><Instant><Time>-773287200000</Time><Granularity>MONTH</Granularity><Uncertain>false</Uncertain></Instant></ChronologicalSubdivision><GeographicSubdivision><NamedPlace><PlaceName>Polska</PlaceName></NamedPlace></GeographicSubdivision><TopicName>Podręczniki szkolne</TopicName></TopicObject><AudienceObject OrderIndex="42">UNKNOW</AudienceObject><InstantObject OrderIndex="33" TemporalRelation="OP_LOADED"><Time>1358943240000</Time><Granularity>SECOND</Granularity><Uncertain>false</Uncertain></InstantObject><InstantObject OrderIndex="48" TemporalRelation="PUBLICATION"><Time>536457600000</Time><Granularity>YEAR</Granularity><Uncertain>false</Uncertain></InstantObject><MetadataObject FieldSource="PROVIDER" Format="marc21" OrderIndex="36"><record xmlns="info:lc/xmlns/marcxchange-v1"><leader>01643nam a2200337 i 4500</leader><controlfield tag="001">b11534254</controlfield><controlfield tag="008">981002s1987    gw           |000 0 ger d</controlfield><datafield ind1=" " ind2=" " tag="020"><subfield code="a">3883041106</subfield></datafield><datafield ind1=" " ind2=" " tag="040"><subfield code="a">WA N</subfield><subfield code="c">WA N</subfield></datafield><datafield ind1="0" ind2="4" tag="245"><subfield code="a">Die Beziehungen zwischen der Bundesrepublik Deutschland und der Volksrepublik Polen bis zur Konferenz über Sicherheit und Zusammenarbeit in Europa (Helsinki 1975) :</subfield><subfield code="b">XIX. deutsch-polnische Schulbuchkonferenz der Historiker vom 20. bis 25. Mai in Saarbrücken /</subfield><subfield code="c">Red. Wolfgang Jacobmeyer ; Gemeinsame Deutsch-Polnische Schulbuchkommission.</subfield></datafield><datafield ind1=" " ind2=" " tag="260"><subfield code="a">Braunschweig :</subfield><subfield code="b">Selbstverl. des Georg-Inst. für Intern. Schulbuchforschung,</subfield><subfield code="c">dr. 1987.</subfield></datafield><datafield ind1=" " ind2=" " tag="300"><subfield code="a">248 s. ;</subfield><subfield code="c">24 cm.</subfield></datafield><datafield ind1="1" ind2=" " tag="490"><subfield code="a">Schriftenreihe des Georg-Eckert-Instituts für Internationale Schulbuchforschung ;</subfield><subfield code="v">Bd. 22/X</subfield></datafield><datafield ind1=" " ind2=" " tag="500"><subfield code="a">Dotyczy m. in. Polski.</subfield></datafield><datafield ind1=" " ind2=" " tag="504"><subfield code="a">Bibliogr. s. 245-248.</subfield></datafield><datafield ind1=" " ind2="4" tag="651"><subfield code="a">Niemcy</subfield><subfield code="x">a Polska</subfield><subfield code="x">historiografia</subfield></datafield><datafield ind1=" " ind2="4" tag="651"><subfield code="a">Polska</subfield><subfield code="x">a Niemcy</subfield><subfield code="x">historiografia</subfield></datafield><datafield ind1=" " ind2="4" tag="655"><subfield code="a">Materiały konferencyjne</subfield></datafield><datafield ind1=" " ind2="4" tag="655"><subfield code="a">Podręczniki szkolne</subfield><subfield code="x">historia</subfield><subfield code="z">Niemcy (Republika Federalna)</subfield></datafield><datafield ind1=" " ind2="4" tag="655"><subfield code="a">Podręczniki szkolne</subfield><subfield code="x">historia</subfield><subfield code="z">Polska</subfield><subfield code="y">1944-1989 r.</subfield></datafield><datafield ind1="1" ind2=" " tag="700"><subfield code="a">Jacobmeyer, Wolfgang.</subfield><subfield code="e">Red.</subfield></datafield><datafield ind1=" " ind2="0" tag="830"><subfield code="a">Schriftenreihe des Georg-Eckert-Instituts für Internationale Schulbuchforschung ;</subfield><subfield code="v">Bd. 22/X</subfield></datafield><datafield ind1=" " ind2=" " tag="902"><subfield code="a">121219</subfield><subfield code="c">981005</subfield><subfield code="d">m</subfield><subfield code="e">a</subfield><subfield code="f">-</subfield><subfield code="g">0</subfield></datafield><datafield ind1=" " ind2=" " tag="907"><subfield code="b">bk   </subfield><subfield code="c">-</subfield></datafield><datafield ind1=" " ind2=" " tag="920"><subfield code="a">3-88304-11-06</subfield></datafield><datafield ind1=" " ind2=" " tag="960"><subfield code="a">II 1.703.347</subfield><subfield code="c">bk   </subfield><subfield code="d">30001005186053</subfield><subfield code="h">1998 w 60/4</subfield><subfield code="i">Z 0,25</subfield><subfield code="k">1</subfield><subfield code="l">-</subfield><subfield code="o">1</subfield></datafield><datafield ind1=" " ind2=" " tag="960"><subfield code="a">II 1.840.762 A</subfield><subfield code="c">bk   </subfield><subfield code="d">30001009530186</subfield><subfield code="h">1994 w 24/1</subfield><subfield code="i">Z 0,25</subfield><subfield code="k">1</subfield><subfield code="l">-</subfield><subfield code="o">0</subfield></datafield><datafield ind1=" " ind2=" " tag="996"><subfield code="a">.b11534254</subfield></datafield><datafield ind1=" " ind2=" " tag="998"><subfield code="a">ik</subfield><subfield code="a">o</subfield></datafield><datafield ind1=" " ind2=" " tag="999"><subfield code="a">JB</subfield><subfield code="b">js</subfield><subfield code="b">mb</subfield><subfield code="b">ae</subfield></datafield><datafield ind1=" " ind2=" " tag="999"><subfield code="a">anno</subfield><subfield code="a">sawi</subfield></datafield></record>