</MetadataObject><PersonObject OrderIndex="47" PartyRelation="CONTRIBUTOR"><PartyName>Wolfgang. Jacobmeyer</PartyName><Identifiers><Identifier>1000020822430</Identifier><Scope>TEL</Scope></Identifiers><FirstNames>Wolfgang.</FirstNames><Surname>Jacobmeyer</Surname></PersonObject><LinkObject FieldSource="TEL" LinkTarget="CATALOGUE_RECORD" OrderIndex="62"><Url>http://alpha.bn.org.pl/record=b1153425*pol</Url><LinkStatus>NOT_CHECKED</LinkStatus></LinkObject></MetadataRecord>
<MetadataRecord xmlns="http://theeuropeanlibrary.org/internal_object_model" ID="2000048757048"><BibliographicLevelObject OrderIndex="38">MONOGRAPH</BibliographicLevelObject><CatalogingFormObject OrderIndex="37">ISBD</CatalogingFormObject><TitleObject OrderIndex="43" TitleType="MAIN"><Title>Varožac' balady vjakoŭ</Title><SubTitle>belaruskaja balada ì slavjanskìja tradycyì</SubTitle></TitleObject><IdentifierObject IdentifierType="LOCAL_IDENTIFIER" OrderIndex="29"><Identifier>b11534448</Identifier></IdentifierObject><IdentifierObject IdentifierType="OAIPMH" OrderIndex="31"><Identifier>urn:theeuropeanlibrary.org:a0232:b11534448</Identifier></IdentifierObject><IdentifierObject IdentifierType="LOCAL_IDENTIFIER" OrderIndex="40"><Identifier>b11534448</Identifier><Scope>a0232</Scope></IdentifierObject><IdentifierObject IdentifierType="ISBN" OrderIndex="41"><Identifier>5343012957</Identifier></IdentifierObject><IdentifierObject ContextLevel="CONTENT" FieldSource="TEL" KnowledgeOrganizationSystem="TEL" OrderIndex="57"><Identifier>1000000390610</Identifier><Scope>TEL</Scope></IdentifierObject><IllustrationsObject OrderIndex="36">NO_ILLUSTRATIONS</IllustrationsObject><SpatialEntityObject OrderIndex="49" SpatialRelation="PUBLICATION"><Identifiers><Identifier>BY</Identifier><Scope>ISO3166</Scope></Identifiers></SpatialEntityObject><NamedPlaceObject OrderIndex="47" SpatialRelation="PUBLICATION"><PlaceName>Mìnsk</PlaceName></NamedPlaceObject><PrintTypeObject OrderIndex="35">PRINTED</PrintTypeObject><ProvenanceObject OrderIndex="32"><CollectionId>a0232</CollectionId><ProviderId>P01214</ProviderId></ProvenanceObject><StatusObject OrderIndex="28">UPDATED</StatusObject><TextObject OrderIndex="42" TextRelation="STATEMENT_OF_RESPONSIBILITY"><Content>Ì. F. Štèjner ; Gomel'skì dzjaržaŭny unìv. ìmja F. Skaryny.</Content></TextObject><TextObject OrderIndex="52" TextRelation="EXTENT"><Content>238, [2] s. ;</Content></TextObject><TextObject OrderIndex="53" TextRelation="EXTENT"><Content>21 cm.</Content></TextObject><TextObject NoteType="GENERAL" OrderIndex="54" TextRelation="NOTE"><Content>Dotyczy m. in. literatury polskiej.</Content></TextObject><TextObject OrderIndex="55" TextRelation="DESCRIPTION"><Content>Indeks.</Content></TextObject><OrganizationObject OrderIndex="48" PartyRelation="PUBLISHER"><PartyName>Navuka ì tèchnìka</PartyName></OrganizationObject><LanguageObject LanguageRelation="LANGUAGE_OF_CONTENT" OrderIndex="46">BEL</LanguageObject><ResourceTypeObject OrderIndex="34">TEXT</ResourceTypeObject><TopicObject OrderIndex="50"><GeneralSubdivision>historia</GeneralSubdivision><TopicName>Ballada</TopicName><Identifiers><Identifier>1000000390610</Identifier><Scope>TEL</Scope></Identifiers></TopicObject><TopicObject OrderIndex="51"><GeneralSubdivision>historia</GeneralSubdivision><TopicName>Ballada białoruska</TopicName></TopicObject><AudienceObject OrderIndex="39">UNKNOW</AudienceObject><InstantObject OrderIndex="30" TemporalRelation="OP_LOADED"><Time>1358943240000</Time><Granularity>SECOND</Granularity><Uncertain>false</Uncertain></InstantObject><InstantObject OrderIndex="45" TemporalRelation="PUBLICATION"><Time>725846400000</Time><Granularity>YEAR</Granularity><Uncertain>false</Uncertain></InstantObject><MetadataObject FieldSource="PROVIDER" Format="marc21" OrderIndex="33"><record xmlns="info:lc/xmlns/marcxchange-v1"><leader>00905nam a2200277 i 4500</leader><controlfield tag="001">b11534448</controlfield><controlfield tag="008">981002s1993    bw           |001 0 bel d</controlfield><datafield ind1=" " ind2=" " tag="020"><subfield code="a">5343012957</subfield></datafield><datafield ind1=" " ind2=" " tag="040"><subfield code="a">WA N</subfield><subfield code="c">WA N</subfield></datafield><datafield ind1="1" ind2=" " tag="100"><subfield code="a">Štèjner, Ivan Fedaravìč.</subfield></datafield><datafield ind1="1" ind2="0" tag="245"><subfield code="a">Varožac' balady vjakoŭ :</subfield><subfield code="b">belaruskaja balada ì slavjanskìja tradycyì /</subfield><subfield code="c">Ì. F. Štèjner ; Gomel'skì dzjaržaŭny unìv. ìmja F. Skaryny.</subfield></datafield><datafield ind1=" " ind2=" " tag="260"><subfield code="a">Mìnsk :</subfield><subfield code="b">Navuka ì tèchnìka,</subfield><subfield code="c">1993.</subfield></datafield><datafield ind1=" " ind2=" " tag="300"><subfield code="a">238, [2] s. ;</subfield><subfield code="c">21 cm.</subfield></datafield><datafield ind1=" " ind2=" " tag="500"><subfield code="a">Dotyczy m. in. literatury polskiej.</subfield></datafield><datafield ind1=" " ind2=" " tag="504"><subfield code="a">Indeks.</subfield></datafield><datafield ind1=" " ind2="4" tag="655"><subfield code="a">Ballada</subfield><subfield code="x">historia</subfield></datafield><datafield ind1=" " ind2="4" tag="655"><subfield code="a">Ballada białoruska</subfield><subfield code="x">historia</subfield></datafield><datafield ind1=" " ind2=" " tag="902"><subfield code="a">121219</subfield><subfield code="c">981005</subfield><subfield code="d">m</subfield><subfield code="e">a</subfield><subfield code="f">-</subfield><subfield code="g">0</subfield></datafield><datafield ind1=" " ind2=" " tag="907"><subfield code="b">bk   </subfield><subfield code="c">-</subfield></datafield><datafield ind1=" " ind2=" " tag="920"><subfield code="a">5-343-01295-7</subfield></datafield><datafield ind1=" " ind2=" " tag="960"><subfield code="a">II 1.840.917 A</subfield><subfield code="c">bk   </subfield><subfield code="d">30001009665239</subfield><subfield code="h">1994 w 17/12</subfield><subfield code="i">Z 0,10</subfield><subfield code="k">2</subfield><subfield code="l">-</subfield><subfield code="o">0</subfield></datafield><datafield ind1=" " ind2=" " tag="996"><subfield code="a">.b11534448</subfield></datafield><datafield ind1=" " ind2=" " tag="998"><subfield code="a">ik</subfield><subfield code="a">o</subfield></datafield><datafield ind1=" " ind2=" " tag="999"><subfield code="a">JB</subfield><subfield code="b">js</subfield></datafield><datafield ind1=" " ind2=" " tag="999"><subfield code="a">rodo</subfield></datafield><datafield ind1=" " ind2=" " tag="999"><subfield code="a">mb</subfield></datafield></record>