</MetadataObject><PersonObject OrderIndex="44" PartyRelation="CREATOR"><PartyName>Ivan Fedaravìč. Štèjner</PartyName><FirstNames>Ivan Fedaravìč.</FirstNames><Surname>Štèjner</Surname></PersonObject><LinkObject FieldSource="TEL" LinkTarget="CATALOGUE_RECORD" OrderIndex="56"><Url>http://alpha.bn.org.pl/record=b1153444*pol</Url><LinkStatus>NOT_CHECKED</LinkStatus></LinkObject></MetadataRecord>
<MetadataRecord xmlns="http://theeuropeanlibrary.org/internal_object_model" ID="2000048757013"><BibliographicLevelObject OrderIndex="40">MONOGRAPH</BibliographicLevelObject><CatalogingFormObject OrderIndex="39">ISBD</CatalogingFormObject><TitleObject OrderIndex="44" TitleType="MAIN"><Title>Sjalânskae zemleŭladannè zemlekarystanne na Belarusi XVI-XVIII stst.</Title></TitleObject><IdentifierObject IdentifierType="LOCAL_IDENTIFIER" OrderIndex="30"><Identifier>b11534096</Identifier></IdentifierObject><IdentifierObject IdentifierType="OAIPMH" OrderIndex="32"><Identifier>urn:theeuropeanlibrary.org:a0232:b11534096</Identifier></IdentifierObject><IdentifierObject IdentifierType="LOCAL_IDENTIFIER" OrderIndex="42"><Identifier>b11534096</Identifier><Scope>a0232</Scope></IdentifierObject><IdentifierObject IdentifierType="ISBN" OrderIndex="43"><Identifier>534300654X</Identifier></IdentifierObject><IdentifierObject ContextLevel="CONTENT" FieldSource="TEL" OrderIndex="59" SpatialIdentifierType="TEL"><Identifier>1000001333694</Identifier><Scope>TEL</Scope></IdentifierObject><IllustrationsObject OrderIndex="37">ILLUSTRATIONS</IllustrationsObject><IllustrationsObject OrderIndex="38">NO_ILLUSTRATIONS</IllustrationsObject><SpatialEntityObject OrderIndex="51" SpatialRelation="PUBLICATION"><Identifiers><Identifier>BY</Identifier><Scope>ISO3166</Scope></Identifiers></SpatialEntityObject><NamedPlaceObject OrderIndex="49" SpatialRelation="PUBLICATION"><PlaceName>Mìnsk</PlaceName></NamedPlaceObject><PrintTypeObject OrderIndex="36">PRINTED</PrintTypeObject><ProvenanceObject OrderIndex="33"><CollectionId>a0232</CollectionId><ProviderId>P01214</ProviderId></ProvenanceObject><StatusObject OrderIndex="29">UPDATED</StatusObject><TextObject OrderIndex="53" TextRelation="FORMAT_UNCONTROLED"><Content>faks., fot., rys. ;</Content></TextObject><TextObject OrderIndex="54" TextRelation="EXTENT"><Content>173, [3] s. :</Content></TextObject><TextObject OrderIndex="55" TextRelation="EXTENT"><Content>20 cm.</Content></TextObject><TextObject NoteType="GENERAL" OrderIndex="56" TextRelation="NOTE"><Content>Dotyczy polityki agrarnej Rzeczypospolitej na terenach wschodnich.</Content></TextObject><TextObject OrderIndex="57" TextRelation="DESCRIPTION"><Content>Indeksy.</Content></TextObject><OrganizationObject OrderIndex="50" PartyRelation="PUBLISHER"><PartyName>"Navuka ì tèchnìka"</PartyName></OrganizationObject><LanguageObject LanguageRelation="LANGUAGE_OF_CONTENT" OrderIndex="48">BEL</LanguageObject><ResourceTypeObject OrderIndex="35">TEXT</ResourceTypeObject><TopicObject OrderIndex="52"><ChronologicalSubdivision><Instant><Time>-61617801600000</Time><Granularity>MONTH</Granularity><Uncertain>false</Uncertain></Instant></ChronologicalSubdivision><GeographicSubdivision><NamedPlace><Identifiers><Identifier>1000001333694</Identifier><Scope>TEL</Scope></Identifiers><PlaceName>Białoruś</PlaceName></NamedPlace></GeographicSubdivision><TopicName>Rolnictwo</TopicName></TopicObject><AudienceObject OrderIndex="41">UNKNOW</AudienceObject><InstantObject OrderIndex="31" TemporalRelation="OP_LOADED"><Time>1358943240000</Time><Granularity>SECOND</Granularity><Uncertain>false</Uncertain></InstantObject><InstantObject OrderIndex="47" TemporalRelation="PUBLICATION"><Time>694224000000</Time><Granularity>YEAR</Granularity><Uncertain>false</Uncertain></InstantObject><MetadataObject FieldSource="PROVIDER" Format="marc21" OrderIndex="34"><record xmlns="info:lc/xmlns/marcxchange-v1"><leader>00972nam a2200277 i 4500</leader><controlfield tag="001">b11534096</controlfield><controlfield tag="008">981002s1992    bw a         |001 0 belo </controlfield><datafield ind1=" " ind2=" " tag="020"><subfield code="a">534300654X</subfield></datafield><datafield ind1=" " ind2=" " tag="040"><subfield code="a">WA N</subfield><subfield code="c">WA N</subfield></datafield><datafield ind1="1" ind2=" " tag="100"><subfield code="a">Golubeŭ, Valâncìn Fëdaravìč.</subfield></datafield><datafield ind1="1" ind2="0" tag="245"><subfield code="a">Sjalânskae zemleŭladannè zemlekarystanne na Belarusi XVI-XVIII stst. /</subfield><subfield code="c">V. F. Golubeŭ ; pad rèd. V. Ì. Mjaleškì ; Akad. navuk Belarus. Ì-nt gìstoryì.</subfield></datafield><datafield ind1=" " ind2=" " tag="260"><subfield code="a">Mìnsk :</subfield><subfield code="b">"Navuka ì tèchnìka",</subfield><subfield code="c">1992.</subfield></datafield><datafield ind1=" " ind2=" " tag="300"><subfield code="a">173, [3] s. :</subfield><subfield code="b">faks., fot., rys. ;</subfield><subfield code="c">20 cm.</subfield></datafield><datafield ind1=" " ind2=" " tag="500"><subfield code="a">Dotyczy polityki agrarnej Rzeczypospolitej na terenach wschodnich.</subfield></datafield><datafield ind1=" " ind2=" " tag="504"><subfield code="a">Indeksy.</subfield></datafield><datafield ind1=" " ind2="4" tag="650"><subfield code="a">Rolnictwo</subfield><subfield code="z">Białoruś</subfield><subfield code="y">16-18 w.</subfield></datafield><datafield ind1="1" ind2=" " tag="700"><subfield code="a">Mâleška, Vasìl'.</subfield><subfield code="e">Red.</subfield></datafield><datafield ind1=" " ind2=" " tag="902"><subfield code="a">121219</subfield><subfield code="c">981005</subfield><subfield code="d">m</subfield><subfield code="e">a</subfield><subfield code="f">-</subfield><subfield code="g">0</subfield></datafield><datafield ind1=" " ind2=" " tag="907"><subfield code="b">bk   </subfield><subfield code="c">-</subfield></datafield><datafield ind1=" " ind2=" " tag="920"><subfield code="a">5-343-00654-X</subfield></datafield><datafield ind1=" " ind2=" " tag="960"><subfield code="a">I 1.880.103 A</subfield><subfield code="c">bk   </subfield><subfield code="h">1993 w 75/3</subfield><subfield code="i">Z 0,10</subfield><subfield code="k">1</subfield><subfield code="l">-</subfield><subfield code="o">0</subfield></datafield><datafield ind1=" " ind2=" " tag="996"><subfield code="a">.b11534096</subfield></datafield><datafield ind1=" " ind2=" " tag="998"><subfield code="a">ik</subfield><subfield code="a">o</subfield></datafield><datafield ind1=" " ind2=" " tag="999"><subfield code="a">JBjs</subfield></datafield><datafield ind1=" " ind2=" " tag="999"><subfield code="a">mabl</subfield></datafield><datafield ind1=" " ind2=" " tag="999"><subfield code="a">mb</subfield></datafield></record>