</MetadataObject><PersonObject OrderIndex="45" PartyRelation="CREATOR"><PartyName>Valâncìn Fëdaravìč. Golubeŭ</PartyName><FirstNames>Valâncìn Fëdaravìč.</FirstNames><Surname>Golubeŭ</Surname></PersonObject><PersonObject OrderIndex="46" PartyRelation="CONTRIBUTOR"><PartyName>Vasìl'. Mâleška</PartyName><FirstNames>Vasìl'.</FirstNames><Surname>Mâleška</Surname></PersonObject><LinkObject FieldSource="TEL" LinkTarget="CATALOGUE_RECORD" OrderIndex="58"><Url>http://alpha.bn.org.pl/record=b1153409*pol</Url><LinkStatus>NOT_CHECKED</LinkStatus></LinkObject></MetadataRecord>
<MetadataRecord xmlns="http://theeuropeanlibrary.org/internal_object_model" ID="2000048757093"><BibliographicLevelObject OrderIndex="40">MONOGRAPH</BibliographicLevelObject><CatalogingFormObject OrderIndex="39">ISBD</CatalogingFormObject><TitleObject OrderIndex="44" TitleType="MAIN"><Title>Ìstorìja Ukraïni</Title></TitleObject><IdentifierObject IdentifierType="LOCAL_IDENTIFIER" OrderIndex="30"><Identifier>b11534898</Identifier></IdentifierObject><IdentifierObject IdentifierType="OAIPMH" OrderIndex="32"><Identifier>urn:theeuropeanlibrary.org:a0232:b11534898</Identifier></IdentifierObject><IdentifierObject IdentifierType="LOCAL_IDENTIFIER" OrderIndex="42"><Identifier>b11534898</Identifier><Scope>a0232</Scope></IdentifierObject><IdentifierObject IdentifierType="ISBN" OrderIndex="43"><Identifier>577730049</Identifier></IdentifierObject><IdentifierObject ContextLevel="RECORD" FieldSource="TEL" OrderIndex="59" PartyIdentifierType="TEL"><Identifier>1000022439880</Identifier><Scope>TEL</Scope></IdentifierObject><IdentifierObject ContextLevel="CONTENT" FieldSource="TEL" OrderIndex="60" SpatialIdentifierType="TEL"><Identifier>1000001456003</Identifier><Scope>TEL</Scope></IdentifierObject><IllustrationsObject OrderIndex="37">ILLUSTRATIONS</IllustrationsObject><IllustrationsObject OrderIndex="38">NO_ILLUSTRATIONS</IllustrationsObject><SpatialEntityObject OrderIndex="52" SpatialRelation="PUBLICATION"><Identifiers><Identifier>UA</Identifier><Scope>ISO3166</Scope></Identifiers></SpatialEntityObject><NamedPlaceObject OrderIndex="50" SpatialRelation="PUBLICATION"><PlaceName>L'vìv</PlaceName></NamedPlaceObject><NamedPlaceObject OrderIndex="53" SpatialRelation="SUBJECT"><Identifiers><Identifier>1000001456003</Identifier><Scope>TEL</Scope></Identifiers><PlaceName>Ukraina</PlaceName><Subject><GeneralSubdivision>historia</GeneralSubdivision></Subject></NamedPlaceObject><PrintTypeObject OrderIndex="36">PRINTED</PrintTypeObject><ProvenanceObject OrderIndex="33"><CollectionId>a0232</CollectionId><ProviderId>P01214</ProviderId></ProvenanceObject><StatusObject OrderIndex="29">UPDATED</StatusObject><TextObject OrderIndex="54" TextRelation="FORMAT_UNCONTROLED"><Content>1 portr. ;</Content></TextObject><TextObject OrderIndex="55" TextRelation="EXTENT"><Content>518, [2] s. :</Content></TextObject><TextObject OrderIndex="56" TextRelation="EXTENT"><Content>21 cm.</Content></TextObject><TextObject NoteType="GENERAL" OrderIndex="57" TextRelation="NOTE"><Content>Dotyczy m. in. Polski.</Content></TextObject><OrganizationObject OrderIndex="51" PartyRelation="PUBLISHER"><PartyName>"Svìt"</PartyName></OrganizationObject><LanguageObject LanguageRelation="LANGUAGE_OF_CONTENT" OrderIndex="49">UKR</LanguageObject><ResourceTypeObject OrderIndex="35">TEXT</ResourceTypeObject><AudienceObject OrderIndex="41">UNKNOW</AudienceObject><InstantObject OrderIndex="31" TemporalRelation="OP_LOADED"><Time>1358943240000</Time><Granularity>SECOND</Granularity><Uncertain>false</Uncertain></InstantObject><InstantObject OrderIndex="48" TemporalRelation="PUBLICATION"><Time>631152000000</Time><Granularity>YEAR</Granularity><Uncertain>false</Uncertain></InstantObject><MetadataObject FieldSource="PROVIDER" Format="marc21" OrderIndex="34"><record xmlns="info:lc/xmlns/marcxchange-v1"><leader>01065nam a2200313 i 4500</leader><controlfield tag="001">b11534898</controlfield><controlfield tag="008">981002s1990    un a         |000 0 ukr d</controlfield><datafield ind1=" " ind2=" " tag="020"><subfield code="a">577730049</subfield></datafield><datafield ind1=" " ind2=" " tag="040"><subfield code="a">WA N</subfield><subfield code="c">WA N</subfield></datafield><datafield ind1="1" ind2=" " tag="100"><subfield code="a">Krip'âkevič, Ìvan Petrovič</subfield><subfield code="d">(1886-1967).</subfield></datafield><datafield ind1="1" ind2="0" tag="245"><subfield code="a">Ìstorìja Ukraïni /</subfield><subfield code="c">Ì. P. Krip'jakevič ; [vìdp. red. F. P. Ševčenko, B. Z. Jakimovič].</subfield></datafield><datafield ind1=" " ind2=" " tag="260"><subfield code="a">L'vìv :</subfield><subfield code="b">"Svìt",</subfield><subfield code="c">1990.</subfield></datafield><datafield ind1=" " ind2=" " tag="300"><subfield code="a">518, [2] s. :</subfield><subfield code="b">1 portr. ;</subfield><subfield code="c">21 cm.</subfield></datafield><datafield ind1="1" ind2=" " tag="490"><subfield code="a">Pam'âtki Ìstoričnoï Dumki Ukraïni</subfield></datafield><datafield ind1=" " ind2=" " tag="500"><subfield code="a">Dotyczy m. in. Polski.</subfield></datafield><datafield ind1=" " ind2="4" tag="651"><subfield code="a">Ukraina</subfield><subfield code="x">historia</subfield></datafield><datafield ind1="1" ind2=" " tag="700"><subfield code="a">Ševčenko, Fedor Pavlovič.</subfield><subfield code="e">Red.</subfield></datafield><datafield ind1="1" ind2=" " tag="700"><subfield code="a">Âkimovič, Bogdan Z.</subfield><subfield code="d">(1952- ).</subfield><subfield code="e">Red.</subfield></datafield><datafield ind1=" " ind2="0" tag="830"><subfield code="a">Pam'âtki Ìstoričnoï Dumki Ukraïni</subfield></datafield><datafield ind1=" " ind2=" " tag="902"><subfield code="a">121219</subfield><subfield code="c">990226</subfield><subfield code="d">m</subfield><subfield code="e">a</subfield><subfield code="f">-</subfield><subfield code="g">0</subfield></datafield><datafield ind1=" " ind2=" " tag="907"><subfield code="b">bk   </subfield><subfield code="c">-</subfield></datafield><datafield ind1=" " ind2=" " tag="920"><subfield code="a">5-7773-004-9</subfield></datafield><datafield ind1=" " ind2=" " tag="960"><subfield code="a">II 1.625.605</subfield><subfield code="c">bk   </subfield><subfield code="d">30001002499327</subfield><subfield code="h">1995 w 63/8</subfield><subfield code="i">Z 0,20</subfield><subfield code="k">2</subfield><subfield code="l">-</subfield><subfield code="o">1</subfield></datafield><datafield ind1=" " ind2=" " tag="960"><subfield code="a">II 1.333.137 A</subfield><subfield code="c">bk   </subfield><subfield code="h">1991 w 120/7</subfield><subfield code="i">Z 0,00</subfield><subfield code="l">-</subfield><subfield code="o">0</subfield></datafield><datafield ind1=" " ind2=" " tag="996"><subfield code="a">.b11534898</subfield></datafield><datafield ind1=" " ind2=" " tag="998"><subfield code="a">ik</subfield><subfield code="a">o</subfield></datafield><datafield ind1=" " ind2=" " tag="999"><subfield code="a">JB</subfield><subfield code="b">js</subfield></datafield><datafield ind1=" " ind2=" " tag="999"><subfield code="a">mabl</subfield></datafield><datafield ind1=" " ind2=" " tag="999"><subfield code="a">ae</subfield></datafield></record>