</MetadataObject><PersonObject OrderIndex="45" PartyRelation="CREATOR"><PartyName>Ìvan Petrovič Krip'âkevič</PartyName><Identifiers><Identifier>1000022439880</Identifier><Scope>TEL</Scope></Identifiers><LifePeriod><Start><Time>-2650752000000</Time><Granularity>YEAR</Granularity><Uncertain>false</Uncertain></Start><End><Time>-94694400000</Time><Granularity>YEAR</Granularity><Uncertain>false</Uncertain></End></LifePeriod><FirstNames>Ìvan Petrovič</FirstNames><Surname>Krip'âkevič</Surname></PersonObject><PersonObject OrderIndex="46" PartyRelation="CONTRIBUTOR"><PartyName>Fedor Pavlovič. Ševčenko</PartyName><FirstNames>Fedor Pavlovič.</FirstNames><Surname>Ševčenko</Surname></PersonObject><PersonObject OrderIndex="47" PartyRelation="CONTRIBUTOR"><PartyName>Bogdan Z. Âkimovič</PartyName><LifePeriod><Start><Time>-568080000000</Time><Granularity>YEAR</Granularity><Uncertain>false</Uncertain></Start></LifePeriod><FirstNames>Bogdan Z.</FirstNames><Surname>Âkimovič</Surname></PersonObject><LinkObject FieldSource="TEL" LinkTarget="CATALOGUE_RECORD" OrderIndex="58"><Url>http://alpha.bn.org.pl/record=b1153489*pol</Url><LinkStatus>NOT_CHECKED</LinkStatus></LinkObject></MetadataRecord>
<MetadataRecord xmlns="http://theeuropeanlibrary.org/internal_object_model" ID="2000048757070"><BibliographicLevelObject OrderIndex="39">MONOGRAPH</BibliographicLevelObject><CatalogingFormObject OrderIndex="38">ISBD</CatalogingFormObject><TitleObject OrderIndex="44" TitleType="MAIN"><Title>The unsettled account</Title><SubTitle>an autobiography</SubTitle></TitleObject><IdentifierObject IdentifierType="LOCAL_IDENTIFIER" OrderIndex="30"><Identifier>b11534667</Identifier></IdentifierObject><IdentifierObject IdentifierType="OAIPMH" OrderIndex="32"><Identifier>urn:theeuropeanlibrary.org:a0232:b11534667</Identifier></IdentifierObject><IdentifierObject IdentifierType="LOCAL_IDENTIFIER" OrderIndex="41"><Identifier>b11534667</Identifier><Scope>a0232</Scope></IdentifierObject><IdentifierObject IdentifierType="ISBN" OrderIndex="42"><Identifier>0727820850</Identifier></IdentifierObject><IdentifierObject ContextLevel="RECORD" FieldSource="TEL" OrderIndex="59" PartyIdentifierType="TEL"><Identifier>3000003588542</Identifier><Scope>TEL</Scope></IdentifierObject><IdentifierObject ContextLevel="RECORD" FieldSource="TEL" OrderIndex="60" PartyIdentifierType="TEL"><Identifier>1000020796619</Identifier><Scope>TEL</Scope></IdentifierObject><IdentifierObject ContextLevel="CONTENT" FieldSource="TEL" OrderIndex="61" PartyIdentifierType="TEL"><Identifier>3000003588542</Identifier><Scope>TEL</Scope></IdentifierObject><IdentifierObject ContextLevel="CONTENT" FieldSource="TEL" OrderIndex="62" PartyIdentifierType="TEL"><Identifier>1000020796619</Identifier><Scope>TEL</Scope></IdentifierObject><IdentifierObject ContextLevel="RECORD" FieldSource="TEL" OrderIndex="63" SpatialIdentifierType="TEL"><Identifier>1000005368670</Identifier><Scope>TEL</Scope></IdentifierObject><IllustrationsObject OrderIndex="37">NO_ILLUSTRATIONS</IllustrationsObject><SpatialEntityObject OrderIndex="51" SpatialRelation="PUBLICATION"><Identifiers><Identifier>GB</Identifier><Scope>ISO3166</Scope></Identifiers></SpatialEntityObject><NamedPlaceObject OrderIndex="49" SpatialRelation="PUBLICATION"><Identifiers><Identifier>1000005368670</Identifier><Scope>TEL</Scope></Identifiers><PlaceName>London</PlaceName></NamedPlaceObject><NamedPlaceObject OrderIndex="54" SpatialRelation="SUBJECT"><PlaceName>Polacy za granicą</PlaceName><Subject><ChronologicalSubdivision><Instant><Time>-931050000000</Time><Granularity>MONTH</Granularity><Uncertain>false</Uncertain></Instant></ChronologicalSubdivision><GeographicSubdivision><NamedPlace><PlaceName>ZSRR</PlaceName></NamedPlace></GeographicSubdivision></Subject></NamedPlaceObject><PrintTypeObject OrderIndex="36">PRINTED</PrintTypeObject><ProvenanceObject OrderIndex="33"><CollectionId>a0232</CollectionId><ProviderId>P01214</ProviderId></ProvenanceObject><StatusObject OrderIndex="29">UPDATED</StatusObject><TextObject OrderIndex="43" TextRelation="STATEMENT_OF_RESPONSIBILITY"><Content>by Eugenia Huntingdon.</Content></TextObject><TextObject OrderIndex="56" TextRelation="EXTENT"><Content>X, [2], 225 s., [8] s. fot. ;</Content></TextObject><TextObject OrderIndex="57" TextRelation="EXTENT"><Content>22 cm.</Content></TextObject><OrganizationObject OrderIndex="50" PartyRelation="PUBLISHER"><PartyName>Severn House</PartyName></OrganizationObject><LanguageObject LanguageRelation="LANGUAGE_OF_CONTENT" OrderIndex="47">ENG</LanguageObject><ResourceTypeObject OrderIndex="35">TEXT</ResourceTypeObject><TopicObject OrderIndex="53"><ChronologicalSubdivision><Instant><Time>-931050000000</Time><Granularity>MONTH</Granularity><Uncertain>false</Uncertain></Instant></ChronologicalSubdivision><GeographicSubdivision><NamedPlace><PlaceName>ZSRR</PlaceName></NamedPlace></GeographicSubdivision><TopicName>Wysiedlanie</TopicName></TopicObject><TopicObject OrderIndex="55"><ChronologicalSubdivision><Instant><Time>-931050000000</Time><Granularity>MONTH</Granularity><Uncertain>false</Uncertain></Instant></ChronologicalSubdivision><TopicName>Pamiętniki polskie</TopicName></TopicObject><AudienceObject OrderIndex="40">UNKNOW</AudienceObject><InstantObject OrderIndex="31" TemporalRelation="OP_LOADED"><Time>1358943240000</Time><Granularity>SECOND</Granularity><Uncertain>false</Uncertain></InstantObject><InstantObject OrderIndex="46" TemporalRelation="PUBLICATION"><Time>567993600000</Time><Granularity>YEAR</Granularity><Uncertain>false</Uncertain></InstantObject><MetadataObject FieldSource="PROVIDER" Format="marc21" OrderIndex="34"><record xmlns="info:lc/xmlns/marcxchange-v1"><leader>00919nam a2200289 i 4500</leader><controlfield tag="001">b11534667</controlfield><controlfield tag="008">981002s1988    xxk          |000 0 eng  </controlfield><datafield ind1=" " ind2=" " tag="020"><subfield code="a">0727820850</subfield></datafield><datafield ind1=" " ind2=" " tag="040"><subfield code="a">WA N</subfield><subfield code="c">WA N</subfield></datafield><datafield ind1="1" ind2=" " tag="100"><subfield code="a">Huntingdon, Eugenia</subfield><subfield code="d">(1910- ).</subfield></datafield><datafield ind1="1" ind2="4" tag="245"><subfield code="a">The unsettled account :</subfield><subfield code="b">an autobiography /</subfield><subfield code="c">by Eugenia Huntingdon.</subfield></datafield><datafield ind1=" " ind2=" " tag="250"><subfield code="a">[Repr.].</subfield></datafield><datafield ind1=" " ind2=" " tag="260"><subfield code="a">London :</subfield><subfield code="b">Severn House,</subfield><subfield code="c">1988.</subfield></datafield><datafield ind1=" " ind2=" " tag="300"><subfield code="a">X, [2], 225 s., [8] s. fot. ;</subfield><subfield code="c">22 cm.</subfield></datafield><datafield ind1="1" ind2="4" tag="600"><subfield code="a">Huntingdon, Eugenia</subfield><subfield code="d">(1910- )</subfield></datafield><datafield ind1=" " ind2="4" tag="650"><subfield code="a">Wysiedlanie</subfield><subfield code="z">ZSRR</subfield><subfield code="y">1939-1945 r.</subfield></datafield><datafield ind1=" " ind2="4" tag="651"><subfield code="a">Polacy za granicą</subfield><subfield code="z">ZSRR</subfield><subfield code="y">1939-1945 r.</subfield></datafield><datafield ind1=" " ind2="4" tag="655"><subfield code="a">Pamiętniki polskie</subfield><subfield code="y">1939-1945 r.</subfield></datafield><datafield ind1=" " ind2=" " tag="902"><subfield code="a">121211</subfield><subfield code="c">981005</subfield><subfield code="d">m</subfield><subfield code="e">a</subfield><subfield code="f">-</subfield><subfield code="g">0</subfield></datafield><datafield ind1=" " ind2=" " tag="907"><subfield code="b">bk   </subfield><subfield code="c">-</subfield></datafield><datafield ind1=" " ind2=" " tag="920"><subfield code="a">0-7278-2085-0</subfield></datafield><datafield ind1=" " ind2=" " tag="960"><subfield code="a">II 1.841.052 A</subfield><subfield code="c">bk   </subfield><subfield code="d">30001009663310</subfield><subfield code="h">1994 d 719/14</subfield><subfield code="i">Z 0,09</subfield><subfield code="k">3</subfield><subfield code="l">-</subfield><subfield code="o">0</subfield></datafield><datafield ind1=" " ind2=" " tag="996"><subfield code="a">.b11534667</subfield></datafield><datafield ind1=" " ind2=" " tag="998"><subfield code="a">ik</subfield><subfield code="a">o</subfield></datafield><datafield ind1=" " ind2=" " tag="999"><subfield code="a">JB</subfield><subfield code="b">js</subfield></datafield><datafield ind1=" " ind2=" " tag="999"><subfield code="a">sawi</subfield><subfield code="a">mabl</subfield><subfield code="a">resi</subfield></datafield><datafield ind1=" " ind2=" " tag="999"><subfield code="a">ae</subfield></datafield></record>