</MetadataObject><PersonObject OrderIndex="45" PartyRelation="CREATOR"><PartyName>Eugenia Huntingdon</PartyName><Identifiers><Identifier>3000003588542</Identifier><Scope>TEL</Scope></Identifiers><Identifiers><Identifier>1000020796619</Identifier><Scope>TEL</Scope></Identifiers><LifePeriod><Start><Time>-1893456000000</Time><Granularity>YEAR</Granularity><Uncertain>false</Uncertain></Start></LifePeriod><FirstNames>Eugenia</FirstNames><Surname>Huntingdon</Surname></PersonObject><PersonObject OrderIndex="52" PartyRelation="SUBJECT"><PartyName>Eugenia Huntingdon</PartyName><Identifiers><Identifier>3000003588542</Identifier><Scope>TEL</Scope></Identifiers><Identifiers><Identifier>1000020796619</Identifier><Scope>TEL</Scope></Identifiers><LifePeriod><Start><Time>-1893456000000</Time><Granularity>YEAR</Granularity><Uncertain>false</Uncertain></Start></LifePeriod><FirstNames>Eugenia</FirstNames><Surname>Huntingdon</Surname></PersonObject><EditionObject OrderIndex="48"><Statement>[Repr.].</Statement></EditionObject><LinkObject FieldSource="TEL" LinkTarget="CATALOGUE_RECORD" OrderIndex="58"><Url>http://alpha.bn.org.pl/record=b1153466*pol</Url><LinkStatus>NOT_CHECKED</LinkStatus></LinkObject></MetadataRecord>
<MetadataRecord xmlns="http://theeuropeanlibrary.org/internal_object_model" ID="2000048757082"><BibliographicLevelObject OrderIndex="42">MONOGRAPH</BibliographicLevelObject><CatalogingFormObject OrderIndex="41">ISBD</CatalogingFormObject><TitleObject OrderIndex="47" TitleType="MAIN"><Title>Lettres à Alexis</Title><SubTitle>histoire sentimentale d'une pensée</SubTitle></TitleObject><IdentifierObject IdentifierType="LOCAL_IDENTIFIER" OrderIndex="32"><Identifier>b11534783</Identifier></IdentifierObject><IdentifierObject IdentifierType="OAIPMH" OrderIndex="34"><Identifier>urn:theeuropeanlibrary.org:a0232:b11534783</Identifier></IdentifierObject><IdentifierObject IdentifierType="LOCAL_IDENTIFIER" OrderIndex="44"><Identifier>b11534783</Identifier><Scope>a0232</Scope></IdentifierObject><IdentifierObject IdentifierType="ISBN" OrderIndex="45"><Identifier>2876731517</Identifier></IdentifierObject><IdentifierObject ContextLevel="RECORD" FieldSource="TEL" OrderIndex="63" PartyIdentifierType="TEL"><Identifier>1000021487030</Identifier><Scope>TEL</Scope></IdentifierObject><IdentifierObject ContextLevel="RECORD" FieldSource="TEL" OrderIndex="64" PartyIdentifierType="TEL"><Identifier>1000019704954</Identifier><Scope>TEL</Scope></IdentifierObject><IdentifierObject ContextLevel="RECORD" FieldSource="TEL" OrderIndex="65" SpatialIdentifierType="TEL"><Identifier>1000006029093</Identifier><Scope>TEL</Scope></IdentifierObject><IllustrationsObject OrderIndex="39">ILLUSTRATIONS</IllustrationsObject><IllustrationsObject OrderIndex="40">NO_ILLUSTRATIONS</IllustrationsObject><SpatialEntityObject OrderIndex="54" SpatialRelation="PUBLICATION"><Identifiers><Identifier>FR</Identifier><Scope>ISO3166</Scope></Identifiers></SpatialEntityObject><NamedPlaceObject OrderIndex="52" SpatialRelation="PUBLICATION"><Identifiers><Identifier>1000006029093</Identifier><Scope>TEL</Scope></Identifiers><PlaceName>Seyssel</PlaceName></NamedPlaceObject><PrintTypeObject OrderIndex="38">PRINTED</PrintTypeObject><ProvenanceObject OrderIndex="35"><CollectionId>a0232</CollectionId><ProviderId>P01214</ProviderId></ProvenanceObject><StatusObject OrderIndex="31">UPDATED</StatusObject><TextObject OrderIndex="46" TextRelation="STATEMENT_OF_RESPONSIBILITY"><Content>Mécislas Golberg ; [préf. par Jean-Paul Corsetti].</Content></TextObject><TextObject OrderIndex="58" TextRelation="FORMAT_UNCONTROLED"><Content>1 rys. ;</Content></TextObject><TextObject OrderIndex="59" TextRelation="EXTENT"><Content>171,[5] s. :</Content></TextObject><TextObject OrderIndex="60" TextRelation="EXTENT"><Content>19 cm.</Content></TextObject><TextObject OrderIndex="61" TextRelation="DESCRIPTION"><Content>Bibliogr. s.20-29.</Content></TextObject><OrganizationObject OrderIndex="53" PartyRelation="PUBLISHER"><PartyName>Champ Vallon</PartyName><Identifiers><Identifier>1000019704954</Identifier><Scope>TEL</Scope></Identifiers></OrganizationObject><LanguageObject LanguageRelation="LANGUAGE_OF_CONTENT" OrderIndex="51">FRE</LanguageObject><ResourceTypeObject OrderIndex="37">TEXT</ResourceTypeObject><TopicObject OrderIndex="56"><ChronologicalSubdivision><Instant><Time>-61536240000000</Time><Granularity>YEAR</Granularity><Uncertain>false</Uncertain></Instant></ChronologicalSubdivision><TopicName>Listy francuskie</TopicName></TopicObject><TopicObject OrderIndex="57"><GeneralSubdivision>historia</GeneralSubdivision><ChronologicalSubdivision><Instant><Time>-61536240000000</Time><Granularity>YEAR</Granularity><Uncertain>false</Uncertain></Instant></ChronologicalSubdivision><TopicName>Powieść francuska</TopicName></TopicObject><AudienceObject OrderIndex="43">UNKNOW</AudienceObject><InstantObject OrderIndex="33" TemporalRelation="OP_LOADED"><Time>1358943243000</Time><Granularity>SECOND</Granularity><Uncertain>false</Uncertain></InstantObject><InstantObject OrderIndex="50" TemporalRelation="PUBLICATION"><Time>694224000000</Time><Granularity>YEAR</Granularity><Uncertain>false</Uncertain></InstantObject><MetadataObject FieldSource="PROVIDER" Format="marc21" OrderIndex="36"><record xmlns="info:lc/xmlns/marcxchange-v1"><leader>01031nam a2200313 i 4500</leader><controlfield tag="001">b11534783</controlfield><controlfield tag="008">981002s1992    fr a         |000 0 fre  </controlfield><datafield ind1=" " ind2=" " tag="020"><subfield code="a">2876731517</subfield></datafield><datafield ind1=" " ind2=" " tag="040"><subfield code="a">WA N</subfield><subfield code="c">WA N</subfield></datafield><datafield ind1="1" ind2=" " tag="100"><subfield code="a">Golberg, Mécislas</subfield><subfield code="d">(1870-1907).</subfield></datafield><datafield ind1="1" ind2="0" tag="245"><subfield code="a">Lettres à Alexis :</subfield><subfield code="b">histoire sentimentale d'une pensée /</subfield><subfield code="c">Mécislas Golberg ; [préf. par Jean-Paul Corsetti].</subfield></datafield><datafield ind1=" " ind2=" " tag="260"><subfield code="a">Seyssel :</subfield><subfield code="b">Champ Vallon,</subfield><subfield code="c">1992.</subfield></datafield><datafield ind1=" " ind2=" " tag="300"><subfield code="a">171,[5] s. :</subfield><subfield code="b">1 rys. ;</subfield><subfield code="c">19 cm.</subfield></datafield><datafield ind1="1" ind2=" " tag="490"><subfield code="a">Collection Dix-Neuvième</subfield></datafield><datafield ind1=" " ind2=" " tag="504"><subfield code="a">Bibliogr. s.20-29.</subfield></datafield><datafield ind1="1" ind2="4" tag="600"><subfield code="a">Golberg, Mécislas</subfield><subfield code="d">(1868-1907).</subfield><subfield code="t">Lettres à Alexis</subfield></datafield><datafield ind1=" " ind2="4" tag="655"><subfield code="a">Listy francuskie</subfield><subfield code="y">20 w.</subfield></datafield><datafield ind1=" " ind2="4" tag="655"><subfield code="a">Powieść francuska</subfield><subfield code="x">historia</subfield><subfield code="y">20 w.</subfield></datafield><datafield ind1="1" ind2=" " tag="700"><subfield code="a">Corsetti, Jean Paul.</subfield><subfield code="e">Przedm.</subfield></datafield><datafield ind1=" " ind2="0" tag="830"><subfield code="a">Collection Dix-Neuvième</subfield></datafield><datafield ind1=" " ind2=" " tag="902"><subfield code="a">121211</subfield><subfield code="c">981005</subfield><subfield code="d">m</subfield><subfield code="e">a</subfield><subfield code="f">-</subfield><subfield code="g">0</subfield></datafield><datafield ind1=" " ind2=" " tag="907"><subfield code="b">bk   </subfield><subfield code="c">-</subfield></datafield><datafield ind1=" " ind2=" " tag="920"><subfield code="a">2-87673-151-7</subfield></datafield><datafield ind1=" " ind2=" " tag="960"><subfield code="a">I 1.880.175 A</subfield><subfield code="c">bk   </subfield><subfield code="h">1994 w 552/20</subfield><subfield code="i">Z 0,14</subfield><subfield code="k">1</subfield><subfield code="l">-</subfield><subfield code="o">0</subfield></datafield><datafield ind1=" " ind2=" " tag="996"><subfield code="a">.b11534783</subfield></datafield><datafield ind1=" " ind2=" " tag="998"><subfield code="a">ik</subfield><subfield code="a">o</subfield></datafield><datafield ind1=" " ind2=" " tag="999"><subfield code="a">Jb</subfield><subfield code="b">js</subfield></datafield><datafield ind1=" " ind2=" " tag="999"><subfield code="a">rodo</subfield></datafield><datafield ind1=" " ind2=" " tag="999"><subfield code="a">ae</subfield></datafield></record>