</MetadataObject><PersonObject OrderIndex="48" PartyRelation="CREATOR"><PartyName>Mécislas Golberg</PartyName><LifePeriod><Start><Time>-3155673600000</Time><Granularity>YEAR</Granularity><Uncertain>false</Uncertain></Start><End><Time>-1988150400000</Time><Granularity>YEAR</Granularity><Uncertain>false</Uncertain></End></LifePeriod><FirstNames>Mécislas</FirstNames><Surname>Golberg</Surname></PersonObject><PersonObject OrderIndex="49" PartyRelation="CONTRIBUTOR"><PartyName>Jean Paul. Corsetti</PartyName><Identifiers><Identifier>1000021487030</Identifier><Scope>TEL</Scope></Identifiers><FirstNames>Jean Paul.</FirstNames><Surname>Corsetti</Surname></PersonObject><PersonObject OrderIndex="55" PartyRelation="SUBJECT"><PartyName>Mécislas Golberg</PartyName><LifePeriod><Start><Time>-3218832000000</Time><Granularity>YEAR</Granularity><Uncertain>false</Uncertain></Start><End><Time>-1988150400000</Time><Granularity>YEAR</Granularity><Uncertain>false</Uncertain></End></LifePeriod><FirstNames>Mécislas</FirstNames><Surname>Golberg</Surname></PersonObject><LinkObject FieldSource="TEL" LinkTarget="CATALOGUE_RECORD" OrderIndex="62"><Url>http://alpha.bn.org.pl/record=b1153478*pol</Url><LinkStatus>NOT_CHECKED</LinkStatus></LinkObject></MetadataRecord>
<MetadataRecord xmlns="http://theeuropeanlibrary.org/internal_object_model" ID="2000048757162"><BibliographicLevelObject OrderIndex="43">MONOGRAPH</BibliographicLevelObject><CatalogingFormObject OrderIndex="42">ISBD</CatalogingFormObject><TitleObject OrderIndex="48" TitleType="MAIN"><Title>La France et Munich</Title><SubTitle>etude d'un processus décisionnel en matière de relations internationales</SubTitle></TitleObject><IdentifierObject IdentifierType="LOCAL_IDENTIFIER" OrderIndex="33"><Identifier>b11535581</Identifier></IdentifierObject><IdentifierObject IdentifierType="OAIPMH" OrderIndex="35"><Identifier>urn:theeuropeanlibrary.org:a0232:b11535581</Identifier></IdentifierObject><IdentifierObject IdentifierType="LOCAL_IDENTIFIER" OrderIndex="45"><Identifier>b11535581</Identifier><Scope>a0232</Scope></IdentifierObject><IdentifierObject IdentifierType="ISBN" OrderIndex="46"><Identifier>3261042532</Identifier></IdentifierObject><IdentifierObject ContextLevel="RECORD" FieldSource="TEL" OrderIndex="65" PartyIdentifierType="TEL"><Identifier>1000020786018</Identifier><Scope>TEL</Scope></IdentifierObject><IdentifierObject ContextLevel="RECORD" FieldSource="TEL" OrderIndex="66" SpatialIdentifierType="TEL"><Identifier>1000005403328</Identifier><Scope>TEL</Scope></IdentifierObject><IllustrationsObject OrderIndex="40">ILLUSTRATIONS</IllustrationsObject><IllustrationsObject OrderIndex="41">NO_ILLUSTRATIONS</IllustrationsObject><SpatialEntityObject OrderIndex="55" SpatialRelation="PUBLICATION"><Identifiers><Identifier>CH</Identifier><Scope>ISO3166</Scope></Identifiers></SpatialEntityObject><NamedPlaceObject OrderIndex="52" SpatialRelation="PUBLICATION"><Identifiers><Identifier>1000005403328</Identifier><Scope>TEL</Scope></Identifiers><PlaceName>Berne ;</PlaceName></NamedPlaceObject><NamedPlaceObject OrderIndex="53" SpatialRelation="PUBLICATION"><PlaceName>Francfort-s. Main [etc.]</PlaceName></NamedPlaceObject><NamedPlaceObject OrderIndex="57" SpatialRelation="SUBJECT"><PlaceName>Czechosłowacja</PlaceName><Subject><GeneralSubdivision>polityka międzynarodowa</GeneralSubdivision><ChronologicalSubdivision><Instant><Time>-1593824400000</Time><Granularity>MONTH</Granularity><Uncertain>false</Uncertain></Instant></ChronologicalSubdivision></Subject></NamedPlaceObject><NamedPlaceObject OrderIndex="58" SpatialRelation="SUBJECT"><PlaceName>Francja</PlaceName><Subject><GeneralSubdivision>polityka</GeneralSubdivision><ChronologicalSubdivision><Instant><Time>-1593824400000</Time><Granularity>MONTH</Granularity><Uncertain>false</Uncertain></Instant></ChronologicalSubdivision><GeographicSubdivision><NamedPlace><PlaceName>Czechosłowacja</PlaceName></NamedPlace></GeographicSubdivision></Subject></NamedPlaceObject><PrintTypeObject OrderIndex="39">PRINTED</PrintTypeObject><ProvenanceObject OrderIndex="36"><CollectionId>a0232</CollectionId><ProviderId>P01214</ProviderId></ProvenanceObject><StatusObject OrderIndex="32">UPDATED</StatusObject><TextObject OrderIndex="47" TextRelation="STATEMENT_OF_RESPONSIBILITY"><Content>Yvon Lacaze.</Content></TextObject><TextObject OrderIndex="59" TextRelation="FORMAT_UNCONTROLED"><Content>fot. ;</Content></TextObject><TextObject OrderIndex="60" TextRelation="EXTENT"><Content>[2], 898, [7] s. :</Content></TextObject><TextObject OrderIndex="61" TextRelation="EXTENT"><Content>22 cm.</Content></TextObject><TextObject NoteType="GENERAL" OrderIndex="62" TextRelation="NOTE"><Content>Dotyczy m. in. Polski.</Content></TextObject><TextObject OrderIndex="63" TextRelation="DESCRIPTION"><Content>Bibliogr. s. 819-874. - Indeks.</Content></TextObject><OrganizationObject OrderIndex="54" PartyRelation="PUBLISHER"><PartyName>P. Lang</PartyName></OrganizationObject><LanguageObject LanguageRelation="LANGUAGE_OF_CONTENT" OrderIndex="51">FRE</LanguageObject><ResourceTypeObject OrderIndex="38">TEXT</ResourceTypeObject><TopicObject OrderIndex="56"><TopicName>Układ monachijski (1938)</TopicName></TopicObject><AudienceObject OrderIndex="44">UNKNOW</AudienceObject><InstantObject OrderIndex="34" TemporalRelation="OP_LOADED"><Time>1358943240000</Time><Granularity>SECOND</Granularity><Uncertain>false</Uncertain></InstantObject><InstantObject OrderIndex="50" TemporalRelation="PUBLICATION"><Time>694224000000</Time><Granularity>YEAR</Granularity><Uncertain>false</Uncertain></InstantObject><MetadataObject FieldSource="PROVIDER" Format="marc21" OrderIndex="37"><record xmlns="info:lc/xmlns/marcxchange-v1"><leader>01147nam a2200313 i 4500</leader><controlfield tag="001">b11535581</controlfield><controlfield tag="008">981002s1992    sz a         |001 0 fre d</controlfield><datafield ind1=" " ind2=" " tag="020"><subfield code="a">3261042532</subfield></datafield><datafield ind1=" " ind2=" " tag="040"><subfield code="a">WA N</subfield><subfield code="c">WA N</subfield></datafield><datafield ind1="1" ind2=" " tag="100"><subfield code="a">Lacaze, Yvon.</subfield></datafield><datafield ind1="1" ind2="3" tag="245"><subfield code="a">La France et Munich :</subfield><subfield code="b">etude d'un processus décisionnel en matière de relations internationales /</subfield><subfield code="c">Yvon Lacaze.</subfield></datafield><datafield ind1=" " ind2=" " tag="260"><subfield code="a">Berne ;</subfield><subfield code="a">Francfort-s. Main [etc.] :</subfield><subfield code="b">P. Lang,</subfield><subfield code="c">1992.</subfield></datafield><datafield ind1=" " ind2=" " tag="300"><subfield code="a">[2], 898, [7] s. :</subfield><subfield code="b">fot. ;</subfield><subfield code="c">22 cm.</subfield></datafield><datafield ind1="1" ind2=" " tag="490"><subfield code="a">Contacts. Série 2, Gallo-Germanica,</subfield><subfield code="x">0933-6087 ;</subfield><subfield code="v">vol. 8</subfield></datafield><datafield ind1=" " ind2=" " tag="500"><subfield code="a">Dotyczy m. in. Polski.</subfield></datafield><datafield ind1=" " ind2=" " tag="504"><subfield code="a">Bibliogr. s. 819-874. - Indeks.</subfield></datafield><datafield ind1=" " ind2="4" tag="650"><subfield code="a">Układ monachijski (1938)</subfield></datafield><datafield ind1=" " ind2="4" tag="651"><subfield code="a">Czechosłowacja</subfield><subfield code="x">polityka międzynarodowa</subfield><subfield code="y">1918-1938 r.</subfield></datafield><datafield ind1=" " ind2="4" tag="651"><subfield code="a">Francja</subfield><subfield code="x">polityka</subfield><subfield code="z">Czechosłowacja</subfield><subfield code="y">1918-1939 r.</subfield></datafield><datafield ind1=" " ind2="0" tag="830"><subfield code="a">Contacts.</subfield><subfield code="n">Série 2,</subfield><subfield code="p">Gallo-Germanica,</subfield><subfield code="x">0933-6087 ;</subfield><subfield code="v">vol. 8</subfield></datafield><datafield ind1=" " ind2=" " tag="902"><subfield code="a">121219</subfield><subfield code="c">981005</subfield><subfield code="d">m</subfield><subfield code="e">a</subfield><subfield code="f">-</subfield><subfield code="g">0</subfield></datafield><datafield ind1=" " ind2=" " tag="907"><subfield code="b">bk   </subfield><subfield code="c">-</subfield></datafield><datafield ind1=" " ind2=" " tag="920"><subfield code="a">3-261-04253-2</subfield></datafield><datafield ind1=" " ind2=" " tag="960"><subfield code="a">II 1.841.193 A</subfield><subfield code="c">bk   </subfield><subfield code="d">30001009532234</subfield><subfield code="h">1994 d 774/27</subfield><subfield code="i">Z 0,60</subfield><subfield code="k">2</subfield><subfield code="l">-</subfield><subfield code="o">0</subfield></datafield><datafield ind1=" " ind2=" " tag="996"><subfield code="a">.b11535581</subfield></datafield><datafield ind1=" " ind2=" " tag="998"><subfield code="a">ik</subfield><subfield code="a">o</subfield></datafield><datafield ind1=" " ind2=" " tag="999"><subfield code="a">JB</subfield><subfield code="b">js</subfield></datafield><datafield ind1=" " ind2=" " tag="999"><subfield code="a">sawi</subfield></datafield><datafield ind1=" " ind2=" " tag="999"><subfield code="a">ae</subfield></datafield></record>