</MetadataObject><PersonObject OrderIndex="49" PartyRelation="CREATOR"><PartyName>Yvon. Lacaze</PartyName><Identifiers><Identifier>1000020786018</Identifier><Scope>TEL</Scope></Identifiers><FirstNames>Yvon.</FirstNames><Surname>Lacaze</Surname></PersonObject><LinkObject FieldSource="TEL" LinkTarget="CATALOGUE_RECORD" OrderIndex="64"><Url>http://alpha.bn.org.pl/record=b1153558*pol</Url><LinkStatus>NOT_CHECKED</LinkStatus></LinkObject></MetadataRecord>
<MetadataRecord xmlns="http://theeuropeanlibrary.org/internal_object_model" ID="2000048757152"><BibliographicLevelObject OrderIndex="42">MONOGRAPH</BibliographicLevelObject><CatalogingFormObject OrderIndex="41">ISBD</CatalogingFormObject><TitleObject OrderIndex="45" TitleType="MAIN"><Title>Defences of the brain</Title></TitleObject><IdentifierObject IdentifierType="LOCAL_IDENTIFIER" OrderIndex="32"><Identifier>b11535489</Identifier></IdentifierObject><IdentifierObject IdentifierType="OAIPMH" OrderIndex="34"><Identifier>urn:theeuropeanlibrary.org:a0232:b11535489</Identifier></IdentifierObject><IdentifierObject IdentifierType="LOCAL_IDENTIFIER" OrderIndex="44"><Identifier>b11535489</Identifier><Scope>a0232</Scope></IdentifierObject><IdentifierObject ContextLevel="RECORD" FieldSource="TEL" OrderIndex="63" PartyIdentifierType="TEL"><Identifier>1000020019582</Identifier><Scope>TEL</Scope></IdentifierObject><IdentifierObject ContextLevel="RECORD" FieldSource="TEL" OrderIndex="64" PartyIdentifierType="TEL"><Identifier>1000015661106</Identifier><Scope>TEL</Scope></IdentifierObject><IdentifierObject ContextLevel="RECORD" FieldSource="TEL" OrderIndex="65" PartyIdentifierType="TEL"><Identifier>1000022157971</Identifier><Scope>TEL</Scope></IdentifierObject><IdentifierObject ContextLevel="RECORD" FieldSource="TEL" OrderIndex="66" PartyIdentifierType="TEL"><Identifier>2000070524071</Identifier><Scope>TEL</Scope></IdentifierObject><IdentifierObject ContextLevel="RECORD" FieldSource="TEL" OrderIndex="67" SpatialIdentifierType="TEL"><Identifier>1000005728445</Identifier><Scope>TEL</Scope></IdentifierObject><IllustrationsObject OrderIndex="39">ILLUSTRATIONS</IllustrationsObject><IllustrationsObject OrderIndex="40">NO_ILLUSTRATIONS</IllustrationsObject><SpatialEntityObject OrderIndex="53" SpatialRelation="PUBLICATION"><Identifiers><Identifier>DE</Identifier><Scope>ISO3166</Scope></Identifiers></SpatialEntityObject><NamedPlaceObject OrderIndex="50" SpatialRelation="PUBLICATION"><Identifiers><Identifier>1000005728445</Identifier><Scope>TEL</Scope></Identifiers><PlaceName>Stuttgart ;</PlaceName></NamedPlaceObject><NamedPlaceObject OrderIndex="51" SpatialRelation="PUBLICATION"><PlaceName>Paris [etc.]</PlaceName></NamedPlaceObject><PrintTypeObject OrderIndex="38">PRINTED</PrintTypeObject><ProvenanceObject OrderIndex="35"><CollectionId>a0232</CollectionId><ProviderId>P01214</ProviderId></ProvenanceObject><StatusObject OrderIndex="31">UPDATED</StatusObject><TextObject OrderIndex="57" TextRelation="FORMAT_UNCONTROLED"><Content>faks., fot., rys. ;</Content></TextObject><TextObject OrderIndex="58" TextRelation="EXTENT"><Content>V k., 325 s. :</Content></TextObject><TextObject OrderIndex="59" TextRelation="EXTENT"><Content>21 cm.</Content></TextObject><TextObject NoteType="GENERAL" OrderIndex="60" TextRelation="NOTE"><Content>Okł. i s. tyt. druk., tekst maszyn. powiel.</Content></TextObject><TextObject OrderIndex="61" TextRelation="DESCRIPTION"><Content>Bibliogr. s. 230-250. - Indeksy. - Riass., resumo, jap. summ., rez., sažetak., res., összefogl., streszcz., summ., Zsfassung.</Content></TextObject><OrganizationObject OrderIndex="52" PartyRelation="PUBLISHER"><PartyName>Szirmai Archives</PartyName></OrganizationObject><LanguageObject LanguageRelation="LANGUAGE_OF_CONTENT" OrderIndex="49">ENG</LanguageObject><ResourceTypeObject OrderIndex="37">TEXT</ResourceTypeObject><TopicObject OrderIndex="54"><TopicName>Choroba Alzheimera</TopicName></TopicObject><TopicObject OrderIndex="55"><TopicName>Mózg</TopicName></TopicObject><TopicObject OrderIndex="56"><GeneralSubdivision>fizjologia</GeneralSubdivision><TopicName>Układ nerwowy</TopicName></TopicObject><AudienceObject OrderIndex="43">UNKNOW</AudienceObject><InstantObject OrderIndex="33" TemporalRelation="OP_LOADED"><Time>1358943243000</Time><Granularity>SECOND</Granularity><Uncertain>false</Uncertain></InstantObject><InstantObject OrderIndex="48" TemporalRelation="PUBLICATION"><Time>599616000000</Time><Granularity>YEAR</Granularity><Uncertain>false</Uncertain></InstantObject><MetadataObject FieldSource="PROVIDER" Format="marc21" OrderIndex="36"><record xmlns="info:lc/xmlns/marcxchange-v1"><leader>01021nam a2200289 i 4500</leader><controlfield tag="001">b11535489</controlfield><controlfield tag="008">981002s1989    gw a         |001 0 eng d</controlfield><datafield ind1=" " ind2=" " tag="040"><subfield code="a">WA N</subfield><subfield code="c">WA N</subfield></datafield><datafield ind1="0" ind2=" " tag="041"><subfield code="a">eng</subfield><subfield code="b">enggerhunitajappolporrusspa</subfield></datafield><datafield ind1="1" ind2=" " tag="100"><subfield code="a">Szirmai, Endre.</subfield></datafield><datafield ind1="1" ind2="0" tag="245"><subfield code="a">Defences of the brain /</subfield><subfield code="c">E. Szirmai and Z. Srebro.</subfield></datafield><datafield ind1=" " ind2=" " tag="260"><subfield code="a">Stuttgart ;</subfield><subfield code="a">Paris [etc.] :</subfield><subfield code="b">Szirmai Archives,</subfield><subfield code="c">1989.</subfield></datafield><datafield ind1=" " ind2=" " tag="300"><subfield code="a">V k., 325 s. :</subfield><subfield code="b">faks., fot., rys. ;</subfield><subfield code="c">21 cm.</subfield></datafield><datafield ind1=" " ind2=" " tag="500"><subfield code="a">Okł. i s. tyt. druk., tekst maszyn. powiel.</subfield></datafield><datafield ind1=" " ind2=" " tag="504"><subfield code="a">Bibliogr. s. 230-250. - Indeksy. - Riass., resumo, jap. summ., rez., sažetak., res., összefogl., streszcz., summ., Zsfassung.</subfield></datafield><datafield ind1=" " ind2="4" tag="650"><subfield code="a">Choroba Alzheimera</subfield></datafield><datafield ind1=" " ind2="4" tag="650"><subfield code="a">Mózg</subfield></datafield><datafield ind1=" " ind2="4" tag="650"><subfield code="a">Układ nerwowy</subfield><subfield code="x">fizjologia</subfield></datafield><datafield ind1="1" ind2=" " tag="700"><subfield code="a">Srebro, Zbigniew</subfield><subfield code="d">(1931- ).</subfield></datafield><datafield ind1=" " ind2=" " tag="902"><subfield code="a">121219</subfield><subfield code="c">981005</subfield><subfield code="d">m</subfield><subfield code="e">a</subfield><subfield code="f">-</subfield><subfield code="g">0</subfield></datafield><datafield ind1=" " ind2=" " tag="907"><subfield code="b">bk   </subfield><subfield code="c">-</subfield></datafield><datafield ind1=" " ind2=" " tag="960"><subfield code="a">II 1.840.851 A</subfield><subfield code="c">bk   </subfield><subfield code="d">30001009660265</subfield><subfield code="h">1994 w 553/12</subfield><subfield code="i">Z 0,60</subfield><subfield code="k">1</subfield><subfield code="l">-</subfield><subfield code="o">0</subfield></datafield><datafield ind1=" " ind2=" " tag="996"><subfield code="a">.b11535489</subfield></datafield><datafield ind1=" " ind2=" " tag="998"><subfield code="a">ik</subfield><subfield code="a">o</subfield></datafield><datafield ind1=" " ind2=" " tag="999"><subfield code="a">JB</subfield><subfield code="b">js</subfield></datafield><datafield ind1=" " ind2=" " tag="999"><subfield code="a">emal</subfield></datafield><datafield ind1=" " ind2=" " tag="999"><subfield code="a">mb</subfield></datafield></record>