</MetadataObject><PersonObject OrderIndex="46" PartyRelation="CREATOR"><PartyName>Endre. Szirmai</PartyName><Identifiers><Identifier>1000020019582</Identifier><Scope>TEL</Scope></Identifiers><Identifiers><Identifier>1000022157971</Identifier><Scope>TEL</Scope></Identifiers><Identifiers><Identifier>2000070524071</Identifier><Scope>TEL</Scope></Identifiers><FirstNames>Endre.</FirstNames><Surname>Szirmai</Surname></PersonObject><PersonObject OrderIndex="47" PartyRelation="CONTRIBUTOR"><PartyName>Zbigniew Srebro</PartyName><Identifiers><Identifier>1000015661106</Identifier><Scope>TEL</Scope></Identifiers><LifePeriod><Start><Time>-1230768000000</Time><Granularity>YEAR</Granularity><Uncertain>false</Uncertain></Start></LifePeriod><FirstNames>Zbigniew</FirstNames><Surname>Srebro</Surname></PersonObject><LinkObject FieldSource="TEL" LinkTarget="CATALOGUE_RECORD" OrderIndex="62"><Url>http://alpha.bn.org.pl/record=b1153548*pol</Url><LinkStatus>NOT_CHECKED</LinkStatus></LinkObject></MetadataRecord>
<MetadataRecord xmlns="http://theeuropeanlibrary.org/internal_object_model" ID="2000048757174"><BibliographicLevelObject OrderIndex="38">MONOGRAPH</BibliographicLevelObject><CatalogingFormObject OrderIndex="37">ISBD</CatalogingFormObject><TitleObject OrderIndex="43" TitleType="MAIN"><Title>Staražytnaâ Belarus'</Title><SubTitle>vìlenskì peryjad</SubTitle></TitleObject><IdentifierObject IdentifierType="LOCAL_IDENTIFIER" OrderIndex="29"><Identifier>b11535702</Identifier></IdentifierObject><IdentifierObject IdentifierType="OAIPMH" OrderIndex="31"><Identifier>urn:theeuropeanlibrary.org:a0232:b11535702</Identifier></IdentifierObject><IdentifierObject IdentifierType="LOCAL_IDENTIFIER" OrderIndex="40"><Identifier>b11535702</Identifier><Scope>a0232</Scope></IdentifierObject><IdentifierObject IdentifierType="ISBN" OrderIndex="41"><Identifier>9856026016</Identifier></IdentifierObject><IdentifierObject ContextLevel="RECORD" FieldSource="TEL" OrderIndex="57" PartyIdentifierType="TEL"><Identifier>1000021688630</Identifier><Scope>TEL</Scope></IdentifierObject><IdentifierObject ContextLevel="CONTENT" FieldSource="TEL" OrderIndex="58" SpatialIdentifierType="TEL"><Identifier>1000001267466</Identifier><Scope>TEL</Scope></IdentifierObject><IdentifierObject ContextLevel="CONTENT" FieldSource="TEL" OrderIndex="59" SpatialIdentifierType="TEL"><Identifier>1000001333694</Identifier><Scope>TEL</Scope></IdentifierObject><IllustrationsObject OrderIndex="36">NO_ILLUSTRATIONS</IllustrationsObject><SpatialEntityObject OrderIndex="50" SpatialRelation="PUBLICATION"><Identifiers><Identifier>BY</Identifier><Scope>ISO3166</Scope></Identifiers></SpatialEntityObject><NamedPlaceObject OrderIndex="47" SpatialRelation="PUBLICATION"><PlaceName>Mìnsk</PlaceName></NamedPlaceObject><NamedPlaceObject OrderIndex="51" SpatialRelation="SUBJECT"><Identifiers><Identifier>1000001333694</Identifier><Scope>TEL</Scope></Identifiers><PlaceName>Białoruś</PlaceName><Subject><ChronologicalSubdivision><Instant><Time>-61751980800000</Time><Granularity>MONTH</Granularity><Uncertain>false</Uncertain></Instant></ChronologicalSubdivision></Subject></NamedPlaceObject><NamedPlaceObject OrderIndex="52" SpatialRelation="SUBJECT"><Identifiers><Identifier>1000001267466</Identifier><Scope>TEL</Scope></Identifiers><PlaceName>Litwa</PlaceName><Subject><ChronologicalSubdivision><Instant><Time>-61751980800000</Time><Granularity>MONTH</Granularity><Uncertain>false</Uncertain></Instant></ChronologicalSubdivision></Subject></NamedPlaceObject><PrintTypeObject OrderIndex="35">PRINTED</PrintTypeObject><ProvenanceObject OrderIndex="32"><CollectionId>a0232</CollectionId><ProviderId>P01214</ProviderId></ProvenanceObject><StatusObject OrderIndex="28">UPDATED</StatusObject><TextObject OrderIndex="42" TextRelation="STATEMENT_OF_RESPONSIBILITY"><Content>Mìkola Ermalovìč.</Content></TextObject><TextObject OrderIndex="53" TextRelation="EXTENT"><Content>89, [2] s. ;</Content></TextObject><TextObject OrderIndex="54" TextRelation="EXTENT"><Content>20 cm.</Content></TextObject><TextObject NoteType="GENERAL" OrderIndex="55" TextRelation="NOTE"><Content>Dotyczy m. in. Polski.</Content></TextObject><OrganizationObject OrderIndex="48" PartyRelation="PUBLISHER"><PartyName>"Bac'kaŭščyna"</PartyName></OrganizationObject><OrganizationObject OrderIndex="49" PartyRelation="PUBLISHER"><PartyName>"Besjadz'"</PartyName></OrganizationObject><LanguageObject LanguageRelation="LANGUAGE_OF_CONTENT" OrderIndex="46">BEL</LanguageObject><ResourceTypeObject OrderIndex="34">TEXT</ResourceTypeObject><AudienceObject OrderIndex="39">UNKNOW</AudienceObject><InstantObject OrderIndex="30" TemporalRelation="OP_LOADED"><Time>1358943240000</Time><Granularity>SECOND</Granularity><Uncertain>false</Uncertain></InstantObject><InstantObject OrderIndex="45" TemporalRelation="PUBLICATION"><Time>757382400000</Time><Granularity>YEAR</Granularity><Uncertain>false</Uncertain></InstantObject><MetadataObject FieldSource="PROVIDER" Format="marc21" OrderIndex="33"><record xmlns="info:lc/xmlns/marcxchange-v1"><leader>00869nam a2200277 i 4500</leader><controlfield tag="001">b11535702</controlfield><controlfield tag="008">981002s1994    bw           |000 0 bel  </controlfield><datafield ind1=" " ind2=" " tag="020"><subfield code="a">9856026016</subfield></datafield><datafield ind1=" " ind2=" " tag="040"><subfield code="a">WA N</subfield><subfield code="c">WA N</subfield></datafield><datafield ind1="1" ind2=" " tag="100"><subfield code="a">Ermalovìč, Mìkalaj</subfield><subfield code="d">(1921-2000).</subfield></datafield><datafield ind1="1" ind2="0" tag="245"><subfield code="a">Staražytnaâ Belarus' :</subfield><subfield code="b">vìlenskì peryjad /</subfield><subfield code="c">Mìkola Ermalovìč.</subfield></datafield><datafield ind1=" " ind2=" " tag="260"><subfield code="a">Mìnsk :</subfield><subfield code="b">"Bac'kaŭščyna" :</subfield><subfield code="b">"Besjadz'",</subfield><subfield code="c">1994.</subfield></datafield><datafield ind1=" " ind2=" " tag="300"><subfield code="a">89, [2] s. ;</subfield><subfield code="c">20 cm.</subfield></datafield><datafield ind1=" " ind2=" " tag="500"><subfield code="a">Dotyczy m. in. Polski.</subfield></datafield><datafield ind1=" " ind2="4" tag="651"><subfield code="a">Białoruś</subfield><subfield code="y">12-15 w.</subfield></datafield><datafield ind1=" " ind2="4" tag="651"><subfield code="a">Litwa</subfield><subfield code="y">12-15 w.</subfield></datafield><datafield ind1=" " ind2=" " tag="902"><subfield code="a">121211</subfield><subfield code="c">990226</subfield><subfield code="d">m</subfield><subfield code="e">a</subfield><subfield code="f">-</subfield><subfield code="g">0</subfield></datafield><datafield ind1=" " ind2=" " tag="907"><subfield code="b">bk   </subfield><subfield code="c">-</subfield></datafield><datafield ind1=" " ind2=" " tag="920"><subfield code="a">985-6026-01-6</subfield></datafield><datafield ind1=" " ind2=" " tag="960"><subfield code="a">I 1.764.762</subfield><subfield code="c">bk   </subfield><subfield code="d">30001008920551</subfield><subfield code="h">1995 w 584/5</subfield><subfield code="i">Z 0,10</subfield><subfield code="k">1</subfield><subfield code="l">-</subfield><subfield code="o">1</subfield></datafield><datafield ind1=" " ind2=" " tag="960"><subfield code="a">I 1.880.033 A</subfield><subfield code="c">bk   </subfield><subfield code="h">1994 w 327/9</subfield><subfield code="i">Z 0,10</subfield><subfield code="k">1</subfield><subfield code="l">-</subfield><subfield code="o">0</subfield></datafield><datafield ind1=" " ind2=" " tag="996"><subfield code="a">.b11535702</subfield></datafield><datafield ind1=" " ind2=" " tag="998"><subfield code="a">ik</subfield><subfield code="a">o</subfield></datafield><datafield ind1=" " ind2=" " tag="999"><subfield code="a">JB</subfield><subfield code="b">js</subfield></datafield><datafield ind1=" " ind2=" " tag="999"><subfield code="a">mabl</subfield><subfield code="a">piju</subfield></datafield><datafield ind1=" " ind2=" " tag="999"><subfield code="a">ae</subfield></datafield></record>