</MetadataObject><PersonObject OrderIndex="44" PartyRelation="CREATOR"><PartyName>Mìkalaj Ermalovìč</PartyName><Identifiers><Identifier>1000021688630</Identifier><Scope>TEL</Scope></Identifiers><LifePeriod><Start><Time>-1546300800000</Time><Granularity>YEAR</Granularity><Uncertain>false</Uncertain></Start><End><Time>946684800000</Time><Granularity>YEAR</Granularity><Uncertain>false</Uncertain></End></LifePeriod><FirstNames>Mìkalaj</FirstNames><Surname>Ermalovìč</Surname></PersonObject><LinkObject FieldSource="TEL" LinkTarget="CATALOGUE_RECORD" OrderIndex="56"><Url>http://alpha.bn.org.pl/record=b1153570*pol</Url><LinkStatus>NOT_CHECKED</LinkStatus></LinkObject></MetadataRecord>
<MetadataRecord xmlns="http://theeuropeanlibrary.org/internal_object_model" ID="2000048757140"><BibliographicLevelObject OrderIndex="39">MONOGRAPH</BibliographicLevelObject><CatalogingFormObject OrderIndex="38">ISBD</CatalogingFormObject><TitleObject OrderIndex="42" TitleType="MAIN"><Title>Abarončyja zbudavannì zachodnìch zamel' Belarusì XIII-XVIII stst.</Title></TitleObject><IdentifierObject IdentifierType="LOCAL_IDENTIFIER" OrderIndex="29"><Identifier>b11535362</Identifier></IdentifierObject><IdentifierObject IdentifierType="OAIPMH" OrderIndex="31"><Identifier>urn:theeuropeanlibrary.org:a0232:b11535362</Identifier></IdentifierObject><IdentifierObject IdentifierType="LOCAL_IDENTIFIER" OrderIndex="41"><Identifier>b11535362</Identifier><Scope>a0232</Scope></IdentifierObject><IdentifierObject ContextLevel="RECORD" FieldSource="TEL" OrderIndex="57" PartyIdentifierType="TEL"><Identifier>1000012518568</Identifier><Scope>TEL</Scope></IdentifierObject><IdentifierObject ContextLevel="CONTENT" FieldSource="TEL" OrderIndex="58" SpatialIdentifierType="TEL"><Identifier>1000001333694</Identifier><Scope>TEL</Scope></IdentifierObject><IllustrationsObject OrderIndex="36">ILLUSTRATIONS</IllustrationsObject><IllustrationsObject OrderIndex="37">NO_ILLUSTRATIONS</IllustrationsObject><SpatialEntityObject OrderIndex="48" SpatialRelation="PUBLICATION"><Identifiers><Identifier>BY</Identifier><Scope>ISO3166</Scope></Identifiers></SpatialEntityObject><NamedPlaceObject OrderIndex="46" SpatialRelation="PUBLICATION"><PlaceName>Mìnsk</PlaceName></NamedPlaceObject><PrintTypeObject OrderIndex="35">PRINTED</PrintTypeObject><ProvenanceObject OrderIndex="32"><CollectionId>a0232</CollectionId><ProviderId>P01214</ProviderId></ProvenanceObject><StatusObject OrderIndex="28">UPDATED</StatusObject><TextObject OrderIndex="52" TextRelation="FORMAT_UNCONTROLED"><Content>fot., rys. ;</Content></TextObject><TextObject OrderIndex="53" TextRelation="EXTENT"><Content>141, [2] s. :</Content></TextObject><TextObject OrderIndex="54" TextRelation="EXTENT"><Content>25 cm.</Content></TextObject><TextObject NoteType="GENERAL" OrderIndex="55" TextRelation="NOTE"><Content>Dotyczy m. in. ziem pol.</Content></TextObject><OrganizationObject OrderIndex="47" PartyRelation="PUBLISHER"><PartyName>"Navuka ì tèhnìka"</PartyName></OrganizationObject><LanguageObject LanguageRelation="LANGUAGE_OF_CONTENT" OrderIndex="45">BEL</LanguageObject><ResourceTypeObject OrderIndex="34">TEXT</ResourceTypeObject><TopicObject OrderIndex="49"><GeneralSubdivision>historia</GeneralSubdivision><ChronologicalSubdivision><Instant><Time>-61715174400000</Time><Granularity>MONTH</Granularity><Uncertain>false</Uncertain></Instant></ChronologicalSubdivision><TopicName>Architektura obronna litewska</TopicName></TopicObject><TopicObject OrderIndex="50"><GeneralSubdivision>historia</GeneralSubdivision><ChronologicalSubdivision><Instant><Time>-61652016000000</Time><Granularity>MONTH</Granularity><Uncertain>false</Uncertain></Instant></ChronologicalSubdivision><TopicName>Architektura obronna polska</TopicName></TopicObject><TopicObject OrderIndex="51"><ChronologicalSubdivision><Instant><Time>-61630848000000</Time><Granularity>YEAR</Granularity><Uncertain>false</Uncertain></Instant></ChronologicalSubdivision><GeographicSubdivision><NamedPlace><Identifiers><Identifier>1000001333694</Identifier><Scope>TEL</Scope></Identifiers><PlaceName>Białoruś</PlaceName></NamedPlace></GeographicSubdivision><TopicName>Zamki i pałace</TopicName></TopicObject><AudienceObject OrderIndex="40">UNKNOW</AudienceObject><InstantObject OrderIndex="30" TemporalRelation="OP_LOADED"><Time>1358943240000</Time><Granularity>SECOND</Granularity><Uncertain>false</Uncertain></InstantObject><InstantObject OrderIndex="44" TemporalRelation="PUBLICATION"><Time>252460800000</Time><Granularity>YEAR</Granularity><Uncertain>false</Uncertain></InstantObject><MetadataObject FieldSource="PROVIDER" Format="marc21" OrderIndex="33"><record xmlns="info:lc/xmlns/marcxchange-v1"><leader>01039nam a2200265 i 4500</leader><controlfield tag="001">b11535362</controlfield><controlfield tag="008">981002s1978    bw a         |000 0 bel  </controlfield><datafield ind1=" " ind2=" " tag="040"><subfield code="a">WA N</subfield><subfield code="c">WA N</subfield></datafield><datafield ind1="1" ind2=" " tag="100"><subfield code="a">Tkačoŭ, Mìhaìl Alâksandravìč</subfield><subfield code="d">(1942-1992).</subfield></datafield><datafield ind1="1" ind2="0" tag="245"><subfield code="a">Abarončyja zbudavannì zachodnìch zamel' Belarusì XIII-XVIII stst. /</subfield><subfield code="c">M. A. Tkačoŭ ; Akad. navuk Belarus. SSR. Ìn-t. gìstoryì.</subfield></datafield><datafield ind1=" " ind2=" " tag="260"><subfield code="a">Mìnsk :</subfield><subfield code="b">"Navuka ì tèhnìka",</subfield><subfield code="c">1978.</subfield></datafield><datafield ind1=" " ind2=" " tag="300"><subfield code="a">141, [2] s. :</subfield><subfield code="b">fot., rys. ;</subfield><subfield code="c">25 cm.</subfield></datafield><datafield ind1=" " ind2=" " tag="500"><subfield code="a">Dotyczy m. in. ziem pol.</subfield></datafield><datafield ind1=" " ind2="4" tag="650"><subfield code="a">Architektura obronna litewska</subfield><subfield code="x">historia</subfield><subfield code="y">13-17 w.</subfield></datafield><datafield ind1=" " ind2="4" tag="650"><subfield code="a">Architektura obronna polska</subfield><subfield code="x">historia</subfield><subfield code="y">15-17 w.</subfield></datafield><datafield ind1=" " ind2="4" tag="650"><subfield code="a">Zamki i pałace</subfield><subfield code="z">Białoruś</subfield><subfield code="y">do 17 w.</subfield></datafield><datafield ind1=" " ind2=" " tag="902"><subfield code="a">121211</subfield><subfield code="c">990226</subfield><subfield code="d">m</subfield><subfield code="e">a</subfield><subfield code="f">-</subfield><subfield code="g">0</subfield></datafield><datafield ind1=" " ind2=" " tag="907"><subfield code="b">bk   </subfield><subfield code="c">-</subfield></datafield><datafield ind1=" " ind2=" " tag="960"><subfield code="a">II 1.702.420</subfield><subfield code="c">bk   </subfield><subfield code="d">30001004857746</subfield><subfield code="h">1995 w 119/36</subfield><subfield code="i">Z 0,10</subfield><subfield code="k">2</subfield><subfield code="l">-</subfield><subfield code="o">1</subfield></datafield><datafield ind1=" " ind2=" " tag="960"><subfield code="a">II 1.231.689 A</subfield><subfield code="c">bk   </subfield><subfield code="d">30001014087866</subfield><subfield code="h">1980 w 1/1</subfield><subfield code="i">Z 0,00</subfield><subfield code="l">-</subfield><subfield code="o">0</subfield><subfield code="x">odkwaszono 2011</subfield></datafield><datafield ind1=" " ind2=" " tag="996"><subfield code="a">.b11535362</subfield></datafield><datafield ind1=" " ind2=" " tag="998"><subfield code="a">ik</subfield><subfield code="a">o</subfield></datafield><datafield ind1=" " ind2=" " tag="999"><subfield code="a">JB</subfield><subfield code="b">js</subfield></datafield><datafield ind1=" " ind2=" " tag="999"><subfield code="a">wakl</subfield></datafield><datafield ind1=" " ind2=" " tag="999"><subfield code="a">ae</subfield></datafield></record>