</MetadataObject><PersonObject OrderIndex="43" PartyRelation="CREATOR"><PartyName>Mìhaìl Alâksandravìč Tkačoŭ</PartyName><Identifiers><Identifier>1000012518568</Identifier><Scope>TEL</Scope></Identifiers><LifePeriod><Start><Time>-883616400000</Time><Granularity>YEAR</Granularity><Uncertain>false</Uncertain></Start><End><Time>694224000000</Time><Granularity>YEAR</Granularity><Uncertain>false</Uncertain></End></LifePeriod><FirstNames>Mìhaìl Alâksandravìč</FirstNames><Surname>Tkačoŭ</Surname></PersonObject><LinkObject FieldSource="TEL" LinkTarget="CATALOGUE_RECORD" OrderIndex="56"><Url>http://alpha.bn.org.pl/record=b1153536*pol</Url><LinkStatus>NOT_CHECKED</LinkStatus></LinkObject></MetadataRecord>
<MetadataRecord xmlns="http://theeuropeanlibrary.org/internal_object_model" ID="2000048757238"><BibliographicLevelObject OrderIndex="35">MONOGRAPH</BibliographicLevelObject><CatalogingFormObject OrderIndex="34">ISBD</CatalogingFormObject><TitleObject OrderIndex="39" TitleType="MAIN"><Title>Romans warszawski</Title></TitleObject><IdentifierObject IdentifierType="LOCAL_IDENTIFIER" OrderIndex="26"><Identifier>b11536354</Identifier></IdentifierObject><IdentifierObject IdentifierType="OAIPMH" OrderIndex="28"><Identifier>urn:theeuropeanlibrary.org:a0232:b11536354</Identifier></IdentifierObject><IdentifierObject IdentifierType="LOCAL_IDENTIFIER" OrderIndex="37"><Identifier>b11536354</Identifier><Scope>a0232</Scope></IdentifierObject><IdentifierObject IdentifierType="NBN" OrderIndex="38"><Identifier>PZ 16603/1939-55</Identifier></IdentifierObject><IdentifierObject ContextLevel="RECORD" FieldSource="TEL" OrderIndex="51" SpatialIdentifierType="TEL"><Identifier>1000005901400</Identifier><Scope>TEL</Scope></IdentifierObject><IllustrationsObject OrderIndex="33">NO_ILLUSTRATIONS</IllustrationsObject><SpatialEntityObject OrderIndex="45" SpatialRelation="PUBLICATION"><Identifiers><Identifier>DE</Identifier><Scope>ISO3166</Scope></Identifiers></SpatialEntityObject><NamedPlaceObject OrderIndex="43" SpatialRelation="PUBLICATION"><Identifiers><Identifier>1000005901400</Identifier><Scope>TEL</Scope></Identifiers><PlaceName>Hanover</PlaceName></NamedPlaceObject><PrintTypeObject OrderIndex="32">PRINTED</PrintTypeObject><ProvenanceObject OrderIndex="29"><CollectionId>a0232</CollectionId><ProviderId>P01214</ProviderId></ProvenanceObject><StatusObject OrderIndex="25">UPDATED</StatusObject><TextObject OrderIndex="47" TextRelation="EXTENT"><Content>23, [1] s. ;</Content></TextObject><TextObject OrderIndex="48" TextRelation="EXTENT"><Content>15 cm.</Content></TextObject><TextObject NoteType="GENERAL" OrderIndex="49" TextRelation="NOTE"><Content>Nazwa aut.: Mieczysław Lurczyński.</Content></TextObject><OrganizationObject OrderIndex="44" PartyRelation="PUBLISHER"><PartyName>Wydaw. Pol. Związku Wychodźctwa Przymusowego w Hanowerze</PartyName></OrganizationObject><LanguageObject LanguageRelation="LANGUAGE_OF_CONTENT" OrderIndex="42">POL</LanguageObject><ResourceTypeObject OrderIndex="31">TEXT</ResourceTypeObject><TopicObject OrderIndex="46"><ChronologicalSubdivision><Instant><Time>-61536240000000</Time><Granularity>YEAR</Granularity><Uncertain>false</Uncertain></Instant></ChronologicalSubdivision><TopicName>Opowiadanie polskie</TopicName></TopicObject><AudienceObject OrderIndex="36">UNKNOW</AudienceObject><InstantObject OrderIndex="27" TemporalRelation="OP_LOADED"><Time>1358943240000</Time><Granularity>SECOND</Granularity><Uncertain>false</Uncertain></InstantObject><InstantObject OrderIndex="41" TemporalRelation="PUBLICATION"><Time>-757382400000</Time><Granularity>YEAR</Granularity><Uncertain>false</Uncertain></InstantObject><MetadataObject FieldSource="PROVIDER" Format="marc21" OrderIndex="30"><record xmlns="info:lc/xmlns/marcxchange-v1"><leader>01000nam a2200277 i 4500</leader><controlfield tag="001">b11536354</controlfield><controlfield tag="008">981002s1946    gw           |000 j pol  </controlfield><datafield ind1=" " ind2=" " tag="015"><subfield code="a">PZ 16603/1939-55</subfield></datafield><datafield ind1=" " ind2=" " tag="040"><subfield code="a">WA N</subfield><subfield code="c">WA N</subfield></datafield><datafield ind1="1" ind2=" " tag="100"><subfield code="a">Lurczyński, Mieczysław</subfield><subfield code="d">(1907-1992).</subfield></datafield><datafield ind1="1" ind2="0" tag="245"><subfield code="a">Romans warszawski /</subfield><subfield code="c">Władysław Szreniawa.</subfield></datafield><datafield ind1=" " ind2=" " tag="260"><subfield code="a">Hanover :</subfield><subfield code="b">Wydaw. Pol. Związku Wychodźctwa Przymusowego w Hanowerze,</subfield><subfield code="c">1946.</subfield></datafield><datafield ind1=" " ind2=" " tag="300"><subfield code="a">23, [1] s. ;</subfield><subfield code="c">15 cm.</subfield></datafield><datafield ind1="1" ind2=" " tag="490"><subfield code="a">Biblioteka Kameny ;</subfield><subfield code="v">nr 14</subfield></datafield><datafield ind1=" " ind2=" " tag="500"><subfield code="a">Nazwa aut.: Mieczysław Lurczyński.</subfield></datafield><datafield ind1=" " ind2="4" tag="655"><subfield code="a">Opowiadanie polskie</subfield><subfield code="y">20 w.</subfield></datafield><datafield ind1=" " ind2="0" tag="830"><subfield code="a">Biblioteka "Kameny" - Hanower</subfield><subfield code="v">nr 14</subfield></datafield><datafield ind1=" " ind2=" " tag="902"><subfield code="a">121211</subfield><subfield code="c">981005</subfield><subfield code="d">m</subfield><subfield code="e">a</subfield><subfield code="f">b</subfield><subfield code="g">0</subfield></datafield><datafield ind1=" " ind2=" " tag="907"><subfield code="b">bk   </subfield><subfield code="c">b</subfield></datafield><datafield ind1=" " ind2=" " tag="960"><subfield code="a">I 1.579.497</subfield><subfield code="c">bk   </subfield><subfield code="e">1.579.497</subfield><subfield code="f">08.03.2001</subfield><subfield code="g">Antykwariat "Rara Avis" Kraków</subfield><subfield code="h">2001 k 266/36</subfield><subfield code="i">Z 38,00</subfield><subfield code="j">2002.05.07</subfield><subfield code="k">1</subfield><subfield code="l">-</subfield><subfield code="o">1</subfield><subfield code="x">p</subfield></datafield><datafield ind1=" " ind2=" " tag="960"><subfield code="a">I 1.474.573 A</subfield><subfield code="c">bk   </subfield><subfield code="h">1993 k 1394/36</subfield><subfield code="i">Z 0,03</subfield><subfield code="k">1</subfield><subfield code="l">-</subfield><subfield code="o">0</subfield></datafield><datafield ind1=" " ind2=" " tag="996"><subfield code="a">.b11536354</subfield></datafield><datafield ind1=" " ind2=" " tag="998"><subfield code="a">ik</subfield><subfield code="a">o</subfield></datafield><datafield ind1=" " ind2=" " tag="999"><subfield code="a">JB</subfield><subfield code="b">js</subfield><subfield code="b">ae</subfield></datafield><datafield ind1=" " ind2=" " tag="999"><subfield code="a">resi</subfield></datafield><datafield ind1=" " ind2=" " tag="999"><subfield code="a">zk</subfield><subfield code="b">wk</subfield><subfield code="c">js</subfield></datafield></record>