</MetadataObject><PersonObject OrderIndex="40" PartyRelation="CREATOR"><PartyName>Mieczysław Lurczyński</PartyName><LifePeriod><Start><Time>-1988150400000</Time><Granularity>YEAR</Granularity><Uncertain>false</Uncertain></Start><End><Time>694224000000</Time><Granularity>YEAR</Granularity><Uncertain>false</Uncertain></End></LifePeriod><FirstNames>Mieczysław</FirstNames><Surname>Lurczyński</Surname></PersonObject><LinkObject FieldSource="TEL" LinkTarget="CATALOGUE_RECORD" OrderIndex="50"><Url>http://alpha.bn.org.pl/record=b1153635*pol</Url><LinkStatus>NOT_CHECKED</LinkStatus></LinkObject></MetadataRecord>
<MetadataRecord xmlns="http://theeuropeanlibrary.org/internal_object_model" ID="2000048757197"><BibliographicLevelObject OrderIndex="40">MONOGRAPH</BibliographicLevelObject><CatalogingFormObject OrderIndex="39">ISBD</CatalogingFormObject><TitleObject OrderIndex="45" TitleType="MAIN"><Title>Il ritmo musicale</Title><SubTitle>teoria e storia</SubTitle></TitleObject><IdentifierObject IdentifierType="LOCAL_IDENTIFIER" OrderIndex="30"><Identifier>b11535933</Identifier></IdentifierObject><IdentifierObject IdentifierType="OAIPMH" OrderIndex="32"><Identifier>urn:theeuropeanlibrary.org:a0232:b11535933</Identifier></IdentifierObject><IdentifierObject IdentifierType="LOCAL_IDENTIFIER" OrderIndex="42"><Identifier>b11535933</Identifier><Scope>a0232</Scope></IdentifierObject><IdentifierObject IdentifierType="ISBN" OrderIndex="43"><Identifier>8870960803</Identifier></IdentifierObject><IdentifierObject ContextLevel="RECORD" FieldSource="TEL" OrderIndex="59" PartyIdentifierType="TEL"><Identifier>1000021759326</Identifier><Scope>TEL</Scope></IdentifierObject><IdentifierObject ContextLevel="RECORD" FieldSource="TEL" OrderIndex="60" SpatialIdentifierType="TEL"><Identifier>1000006428591</Identifier><Scope>TEL</Scope></IdentifierObject><IllustrationsObject OrderIndex="37">ILLUSTRATIONS</IllustrationsObject><IllustrationsObject OrderIndex="38">NO_ILLUSTRATIONS</IllustrationsObject><SpatialEntityObject OrderIndex="52" SpatialRelation="PUBLICATION"><Identifiers><Identifier>IT</Identifier><Scope>ISO3166</Scope></Identifiers></SpatialEntityObject><NamedPlaceObject OrderIndex="50" SpatialRelation="PUBLICATION"><Identifiers><Identifier>1000006428591</Identifier><Scope>TEL</Scope></Identifiers><PlaceName>Lucca</PlaceName></NamedPlaceObject><PrintTypeObject OrderIndex="36">PRINTED</PrintTypeObject><ProvenanceObject OrderIndex="33"><CollectionId>a0232</CollectionId><ProviderId>P01214</ProviderId></ProvenanceObject><StatusObject OrderIndex="29">UPDATED</StatusObject><TextObject OrderIndex="44" TextRelation="STATEMENT_OF_RESPONSIBILITY"><Content>Witold Rudziński ; a cura di Rosy Moffa.</Content></TextObject><TextObject OrderIndex="54" TextRelation="FORMAT_UNCONTROLED"><Content>nuty, rys., wykr. ;</Content></TextObject><TextObject OrderIndex="55" TextRelation="EXTENT"><Content>237, [2] s. :</Content></TextObject><TextObject OrderIndex="56" TextRelation="EXTENT"><Content>21 cm.</Content></TextObject><TextObject OrderIndex="57" TextRelation="DESCRIPTION"><Content>Bibliogr. s. 233-237. - Indeks.</Content></TextObject><OrganizationObject OrderIndex="51" PartyRelation="PUBLISHER"><PartyName>Libr. Musicale Italiana Ed.</PartyName></OrganizationObject><LanguageObject LanguageRelation="LANGUAGE_OF_CONTENT" OrderIndex="49">ITA</LanguageObject><ResourceTypeObject OrderIndex="35">TEXT</ResourceTypeObject><TopicObject OrderIndex="53"><TopicName>Rytm muzyczny</TopicName></TopicObject><AudienceObject OrderIndex="41">UNKNOW</AudienceObject><InstantObject OrderIndex="31" TemporalRelation="OP_LOADED"><Time>1358943240000</Time><Granularity>SECOND</Granularity><Uncertain>false</Uncertain></InstantObject><InstantObject OrderIndex="48" TemporalRelation="PUBLICATION"><Time>725846400000</Time><Granularity>YEAR</Granularity><Uncertain>false</Uncertain></InstantObject><MetadataObject FieldSource="PROVIDER" Format="marc21" OrderIndex="34"><record xmlns="info:lc/xmlns/marcxchange-v1"><leader>00919nam a2200289 i 4500</leader><controlfield tag="001">b11535933</controlfield><controlfield tag="008">981002s1993    it a         |001 0 ita  </controlfield><datafield ind1=" " ind2=" " tag="020"><subfield code="a">8870960803</subfield></datafield><datafield ind1=" " ind2=" " tag="040"><subfield code="a">WA N</subfield><subfield code="c">WA N</subfield></datafield><datafield ind1="1" ind2=" " tag="100"><subfield code="a">Rudziński, Witold</subfield><subfield code="d">(1913-2004).</subfield></datafield><datafield ind1="1" ind2="3" tag="245"><subfield code="a">Il ritmo musicale :</subfield><subfield code="b">teoria e storia /</subfield><subfield code="c">Witold Rudziński ; a cura di Rosy Moffa.</subfield></datafield><datafield ind1=" " ind2=" " tag="260"><subfield code="a">Lucca :</subfield><subfield code="b">Libr. Musicale Italiana Ed.,</subfield><subfield code="c">1993.</subfield></datafield><datafield ind1=" " ind2=" " tag="300"><subfield code="a">237, [2] s. :</subfield><subfield code="b">nuty, rys., wykr. ;</subfield><subfield code="c">21 cm.</subfield></datafield><datafield ind1="1" ind2=" " tag="490"><subfield code="a">Musica Ragionata</subfield></datafield><datafield ind1=" " ind2=" " tag="504"><subfield code="a">Bibliogr. s. 233-237. - Indeks.</subfield></datafield><datafield ind1=" " ind2="4" tag="650"><subfield code="a">Rytm muzyczny</subfield></datafield><datafield ind1="1" ind2=" " tag="700"><subfield code="a">Moffa, Rosy.</subfield><subfield code="e">Red.</subfield></datafield><datafield ind1=" " ind2="0" tag="830"><subfield code="a">Musica Ragionata</subfield></datafield><datafield ind1=" " ind2=" " tag="902"><subfield code="a">121211</subfield><subfield code="c">981005</subfield><subfield code="d">m</subfield><subfield code="e">a</subfield><subfield code="f">-</subfield><subfield code="g">0</subfield></datafield><datafield ind1=" " ind2=" " tag="907"><subfield code="b">bk   </subfield><subfield code="c">-</subfield></datafield><datafield ind1=" " ind2=" " tag="920"><subfield code="a">88-7096-080-3</subfield></datafield><datafield ind1=" " ind2=" " tag="960"><subfield code="a">II 1.840.921 A</subfield><subfield code="c">bk   </subfield><subfield code="d">30001009665192</subfield><subfield code="h">1994 d 156</subfield><subfield code="i">Z 0,25</subfield><subfield code="k">1</subfield><subfield code="l">-</subfield><subfield code="o">0</subfield><subfield code="y">Ded.: Rudziński Witold</subfield></datafield><datafield ind1=" " ind2=" " tag="996"><subfield code="a">.b11535933</subfield></datafield><datafield ind1=" " ind2=" " tag="998"><subfield code="a">ik</subfield><subfield code="a">o</subfield></datafield><datafield ind1=" " ind2=" " tag="999"><subfield code="a">JB</subfield><subfield code="b">js</subfield></datafield><datafield ind1=" " ind2=" " tag="999"><subfield code="a">wakl</subfield></datafield><datafield ind1=" " ind2=" " tag="999"><subfield code="a">mb</subfield></datafield></record>