</MetadataObject><PersonObject OrderIndex="46" PartyRelation="CREATOR"><PartyName>Witold Rudziński</PartyName><LifePeriod><Start><Time>-1798761600000</Time><Granularity>YEAR</Granularity><Uncertain>false</Uncertain></Start><End><Time>1072915200000</Time><Granularity>YEAR</Granularity><Uncertain>false</Uncertain></End></LifePeriod><FirstNames>Witold</FirstNames><Surname>Rudziński</Surname></PersonObject><PersonObject OrderIndex="47" PartyRelation="CONTRIBUTOR"><PartyName>Rosy. Moffa</PartyName><Identifiers><Identifier>1000021759326</Identifier><Scope>TEL</Scope></Identifiers><FirstNames>Rosy.</FirstNames><Surname>Moffa</Surname></PersonObject><LinkObject FieldSource="TEL" LinkTarget="CATALOGUE_RECORD" OrderIndex="58"><Url>http://alpha.bn.org.pl/record=b1153593*pol</Url><LinkStatus>NOT_CHECKED</LinkStatus></LinkObject></MetadataRecord>
<MetadataRecord xmlns="http://theeuropeanlibrary.org/internal_object_model" ID="2000048757204"><BibliographicLevelObject OrderIndex="42">MONOGRAPH</BibliographicLevelObject><CatalogingFormObject OrderIndex="41">ISBD</CatalogingFormObject><TitleObject OrderIndex="46" TitleType="MAIN"><Title>Conference of peace, disarmament and anti-war movements in Europe and North America</Title><SubTitle>Helsinki, Espoo, October 5-7, 1984</SubTitle></TitleObject><IdentifierObject IdentifierType="LOCAL_IDENTIFIER" OrderIndex="32"><Identifier>b11536007</Identifier></IdentifierObject><IdentifierObject IdentifierType="OAIPMH" OrderIndex="34"><Identifier>urn:theeuropeanlibrary.org:a0232:b11536007</Identifier></IdentifierObject><IdentifierObject IdentifierType="LOCAL_IDENTIFIER" OrderIndex="44"><Identifier>b11536007</Identifier><Scope>a0232</Scope></IdentifierObject><IdentifierObject ContextLevel="RECORD" FieldSource="TEL" OrderIndex="63" SpatialIdentifierType="TEL"><Identifier>1000001389314</Identifier><Scope>TEL</Scope></IdentifierObject><IllustrationsObject OrderIndex="39">ILLUSTRATIONS</IllustrationsObject><IllustrationsObject OrderIndex="40">NO_ILLUSTRATIONS</IllustrationsObject><SpatialEntityObject OrderIndex="52" SpatialRelation="PUBLICATION"><Identifiers><Identifier>FI</Identifier><Scope>ISO3166</Scope></Identifiers></SpatialEntityObject><NamedPlaceObject OrderIndex="50" SpatialRelation="PUBLICATION"><Identifiers><Identifier>1000001389314</Identifier><Scope>TEL</Scope></Identifiers><PlaceName>Helsinki</PlaceName></NamedPlaceObject><PrintTypeObject OrderIndex="38">PRINTED</PrintTypeObject><ProvenanceObject OrderIndex="35"><CollectionId>a0232</CollectionId><ProviderId>P01214</ProviderId></ProvenanceObject><StatusObject OrderIndex="31">UPDATED</StatusObject><TextObject OrderIndex="45" TextRelation="STATEMENT_OF_RESPONSIBILITY"><Content>[Information Centre of the World Peace Council].</Content></TextObject><TextObject OrderIndex="57" TextRelation="FORMAT_UNCONTROLED"><Content>fot., portr., rys. ;</Content></TextObject><TextObject OrderIndex="58" TextRelation="EXTENT"><Content>51 s. :</Content></TextObject><TextObject OrderIndex="59" TextRelation="EXTENT"><Content>25 cm.</Content></TextObject><TextObject OrderIndex="60" TextRelation="TABLE_OF_CONTENTS"><Content>Zawiera m. in.: The Stockholm Conference on Security-Building Measures and Disarmament / Ryszard Tyrluk.</Content></TextObject><TextObject NoteType="EXTERNAL_INDEXES" OrderIndex="61" TextRelation="NOTE"><Content>PZ 1985. poz. 261.</Content></TextObject><OrganizationObject OrderIndex="51" PartyRelation="PUBLISHER"><PartyName>Information Centre of the World Peace Council</PartyName></OrganizationObject><LanguageObject LanguageRelation="LANGUAGE_OF_CONTENT" OrderIndex="49">ENG</LanguageObject><ResourceTypeObject OrderIndex="37">TEXT</ResourceTypeObject><TopicObject OrderIndex="53"><ChronologicalSubdivision><Instant><Time>-741747600000</Time><Granularity>MONTH</Granularity><Uncertain>false</Uncertain></Instant></ChronologicalSubdivision><TopicName>Bezpieczeństwo międzynarodowe</TopicName></TopicObject><TopicObject OrderIndex="54"><ChronologicalSubdivision><Instant><Time>-741747600000</Time><Granularity>MONTH</Granularity><Uncertain>false</Uncertain></Instant></ChronologicalSubdivision><TopicName>Rozbrojenie</TopicName></TopicObject><TopicObject OrderIndex="55"><ChronologicalSubdivision><Instant><Time>-741747600000</Time><Granularity>MONTH</Granularity><Uncertain>false</Uncertain></Instant></ChronologicalSubdivision><TopicName>Ruchy i organizacje pokojowe</TopicName></TopicObject><TopicObject OrderIndex="56"><TopicName>Materiały konferencyjne</TopicName></TopicObject><AudienceObject OrderIndex="43">UNKNOW</AudienceObject><InstantObject OrderIndex="33" TemporalRelation="OP_LOADED"><Time>1358943240000</Time><Granularity>SECOND</Granularity><Uncertain>false</Uncertain></InstantObject><InstantObject OrderIndex="48" TemporalRelation="PUBLICATION"><Time>473385600000</Time><Granularity>YEAR</Granularity><Uncertain>false</Uncertain></InstantObject><MetadataObject FieldSource="PROVIDER" Format="marc21" OrderIndex="36"><record xmlns="info:lc/xmlns/marcxchange-v1"><leader>01153nam a2200265 i 4500</leader><controlfield tag="001">b11536007</controlfield><controlfield tag="008">981002s1985    FI a         |100 0 eng  </controlfield><datafield ind1=" " ind2=" " tag="040"><subfield code="a">WA N</subfield><subfield code="c">WA N</subfield></datafield><datafield ind1="0" ind2="0" tag="245"><subfield code="a">Conference of peace, disarmament and anti-war movements in Europe and North America :</subfield><subfield code="b">Helsinki, Espoo, October 5-7, 1984 /</subfield><subfield code="c">[Information Centre of the World Peace Council].</subfield></datafield><datafield ind1=" " ind2=" " tag="260"><subfield code="a">Helsinki :</subfield><subfield code="b">Information Centre of the World Peace Council,</subfield><subfield code="c">1985.</subfield></datafield><datafield ind1=" " ind2=" " tag="300"><subfield code="a">51 s. :</subfield><subfield code="b">fot., portr., rys. ;</subfield><subfield code="c">25 cm.</subfield></datafield><datafield ind1=" " ind2=" " tag="505"><subfield code="a">Zawiera m. in.: The Stockholm Conference on Security-Building Measures and Disarmament / Ryszard Tyrluk.</subfield></datafield><datafield ind1="4" ind2=" " tag="510"><subfield code="a">PZ 1985</subfield><subfield code="c">poz. 261.</subfield></datafield><datafield ind1=" " ind2="4" tag="650"><subfield code="a">Bezpieczeństwo międzynarodowe</subfield><subfield code="y">1945-1989 r.</subfield></datafield><datafield ind1=" " ind2="4" tag="650"><subfield code="a">Rozbrojenie</subfield><subfield code="y">1945-1989 r.</subfield></datafield><datafield ind1=" " ind2="4" tag="650"><subfield code="a">Ruchy i organizacje pokojowe</subfield><subfield code="y">1945-1989 r.</subfield></datafield><datafield ind1=" " ind2="4" tag="655"><subfield code="a">Materiały konferencyjne</subfield></datafield><datafield ind1="1" ind2="2" tag="700"><subfield code="a">Tyrluk, Ryszard.</subfield><subfield code="t">The Stockholm Conference on Security-Building Measures and Disarmament</subfield></datafield><datafield ind1=" " ind2=" " tag="902"><subfield code="a">121211</subfield><subfield code="c">981005</subfield><subfield code="d">m</subfield><subfield code="e">a</subfield><subfield code="f">-</subfield><subfield code="g">0</subfield></datafield><datafield ind1=" " ind2=" " tag="907"><subfield code="b">bk   </subfield><subfield code="c">-</subfield></datafield><datafield ind1=" " ind2=" " tag="960"><subfield code="a">II 1.844.006 A</subfield><subfield code="c">bk   </subfield><subfield code="h">1992 d 920/8</subfield><subfield code="i">Z 0,06</subfield><subfield code="k">1</subfield><subfield code="l">-</subfield><subfield code="o">0</subfield></datafield><datafield ind1=" " ind2=" " tag="996"><subfield code="a">.b11536007</subfield></datafield><datafield ind1=" " ind2=" " tag="998"><subfield code="a">ik</subfield><subfield code="a">o</subfield></datafield><datafield ind1=" " ind2=" " tag="999"><subfield code="a">JB</subfield><subfield code="b">js</subfield><subfield code="b">ae</subfield></datafield><datafield ind1=" " ind2=" " tag="999"><subfield code="a">anno</subfield></datafield></record>