</MetadataObject><PersonObject OrderIndex="47" PartyRelation="CONTRIBUTOR"><PartyName>Ryszard. Tyrluk</PartyName><FirstNames>Ryszard.</FirstNames><Surname>Tyrluk</Surname></PersonObject><LinkObject FieldSource="TEL" LinkTarget="CATALOGUE_RECORD" OrderIndex="62"><Url>http://alpha.bn.org.pl/record=b1153600*pol</Url><LinkStatus>NOT_CHECKED</LinkStatus></LinkObject></MetadataRecord>
<MetadataRecord xmlns="http://theeuropeanlibrary.org/internal_object_model" ID="2000048756266"><BibliographicLevelObject OrderIndex="43">MONOGRAPH</BibliographicLevelObject><CatalogingFormObject OrderIndex="42">ISBD</CatalogingFormObject><TitleObject OrderIndex="48" TitleType="MAIN"><Title>Health systems- the challenge of change</Title><SubTitle>proceedings of the Fifth International Conference on System Science in Health Care</SubTitle></TitleObject><IdentifierObject IdentifierType="LOCAL_IDENTIFIER" OrderIndex="33"><Identifier>b11526543</Identifier></IdentifierObject><IdentifierObject IdentifierType="OAIPMH" OrderIndex="35"><Identifier>urn:theeuropeanlibrary.org:a0232:b11526543</Identifier></IdentifierObject><IdentifierObject IdentifierType="LOCAL_IDENTIFIER" OrderIndex="45"><Identifier>b11526543</Identifier><Scope>a0232</Scope></IdentifierObject><IdentifierObject IdentifierType="ISBN" OrderIndex="46"><Identifier>8090015328</Identifier></IdentifierObject><IdentifierObject ContextLevel="RECORD" FieldSource="TEL" OrderIndex="65" PartyIdentifierType="TEL"><Identifier>1000017105032</Identifier><Scope>TEL</Scope></IdentifierObject><IdentifierObject ContextLevel="RECORD" FieldSource="TEL" OrderIndex="66" PartyIdentifierType="TEL"><Identifier>1000020307271</Identifier><Scope>TEL</Scope></IdentifierObject><IdentifierObject ContextLevel="RECORD" FieldSource="TEL" OrderIndex="67" SpatialIdentifierType="TEL"><Identifier>1000006215909</Identifier><Scope>TEL</Scope></IdentifierObject><IllustrationsObject OrderIndex="40">ILLUSTRATIONS</IllustrationsObject><IllustrationsObject OrderIndex="41">NO_ILLUSTRATIONS</IllustrationsObject><SpatialEntityObject OrderIndex="55" SpatialRelation="PUBLICATION"><Identifiers><Identifier>CZ</Identifier><Scope>ISO3166</Scope></Identifiers></SpatialEntityObject><NamedPlaceObject OrderIndex="53" SpatialRelation="PUBLICATION"><Identifiers><Identifier>1000006215909</Identifier><Scope>TEL</Scope></Identifiers><PlaceName>Prague</PlaceName></NamedPlaceObject><PrintTypeObject OrderIndex="39">PRINTED</PrintTypeObject><ProvenanceObject OrderIndex="36"><CollectionId>a0232</CollectionId><ProviderId>P01214</ProviderId></ProvenanceObject><StatusObject OrderIndex="32">UPDATED</StatusObject><TextObject OrderIndex="47" TextRelation="STATEMENT_OF_RESPONSIBILITY"><Content>ed. by M. K. Chytil [et al.].</Content></TextObject><TextObject OrderIndex="58" TextRelation="FORMAT_UNCONTROLED"><Content>mapy, rys., wykr. ;</Content></TextObject><TextObject OrderIndex="59" TextRelation="EXTENT"><Content>1589, [40] s. :</Content></TextObject><TextObject OrderIndex="60" TextRelation="EXTENT"><Content>25 cm.</Content></TextObject><TextObject NoteType="GENERAL" OrderIndex="61" TextRelation="NOTE"><Content>Zawiera m. in. prace aut. pol.</Content></TextObject><TextObject NoteType="GENERAL" OrderIndex="62" TextRelation="NOTE"><Content>Tekst w jęz. ang. i fr.</Content></TextObject><TextObject OrderIndex="63" TextRelation="DESCRIPTION"><Content>Bibliogr. przy rozdz. - Indeks. - Summ.</Content></TextObject><OrganizationObject OrderIndex="54" PartyRelation="PUBLISHER"><PartyName>Omnipress</PartyName><Identifiers><Identifier>1000020307271</Identifier><Scope>TEL</Scope></Identifiers></OrganizationObject><LanguageObject LanguageRelation="LANGUAGE_OF_CONTENT" OrderIndex="51">ENG</LanguageObject><LanguageObject LanguageRelation="LANGUAGE_OF_CONTENT" OrderIndex="52">FRE</LanguageObject><ResourceTypeObject OrderIndex="38">TEXT</ResourceTypeObject><TopicObject OrderIndex="56"><GeneralSubdivision>organizacja</GeneralSubdivision><TopicName>Służba zdrowia</TopicName></TopicObject><TopicObject OrderIndex="57"><TopicName>Materiały konferencyjne</TopicName></TopicObject><AudienceObject OrderIndex="44">UNKNOW</AudienceObject><InstantObject OrderIndex="34" TemporalRelation="OP_LOADED"><Time>1358943207000</Time><Granularity>SECOND</Granularity><Uncertain>false</Uncertain></InstantObject><InstantObject OrderIndex="50" TemporalRelation="PUBLICATION"><Time>694224000000</Time><Granularity>YEAR</Granularity><Uncertain>false</Uncertain></InstantObject><MetadataObject FieldSource="PROVIDER" Format="marc21" OrderIndex="37"><record xmlns="info:lc/xmlns/marcxchange-v1"><leader>01098nam a2200313 i 4500</leader><controlfield tag="001">b11526543</controlfield><controlfield tag="008">981002s1992    xr a         |001 0 eng d</controlfield><datafield ind1=" " ind2=" " tag="020"><subfield code="a">8090015328</subfield></datafield><datafield ind1=" " ind2=" " tag="040"><subfield code="a">WA N</subfield><subfield code="c">WA N</subfield></datafield><datafield ind1="0" ind2=" " tag="041"><subfield code="a">engfre</subfield></datafield><datafield ind1="0" ind2="0" tag="245"><subfield code="a">Health systems- the challenge of change :</subfield><subfield code="b">proceedings of the Fifth International Conference on System Science in Health Care [Prague, June 29- July 3, 1992] /</subfield><subfield code="c">ed. by M. K. Chytil [et al.].</subfield></datafield><datafield ind1=" " ind2=" " tag="260"><subfield code="a">Prague :</subfield><subfield code="b">Omnipress,</subfield><subfield code="c">1992.</subfield></datafield><datafield ind1=" " ind2=" " tag="300"><subfield code="a">1589, [40] s. :</subfield><subfield code="b">mapy, rys., wykr. ;</subfield><subfield code="c">25 cm.</subfield></datafield><datafield ind1="1" ind2=" " tag="490"><subfield code="a">Libri Idearum</subfield></datafield><datafield ind1=" " ind2=" " tag="500"><subfield code="a">Zawiera m. in. prace aut. pol.</subfield></datafield><datafield ind1=" " ind2=" " tag="500"><subfield code="a">Tekst w jęz. ang. i fr.</subfield></datafield><datafield ind1=" " ind2=" " tag="504"><subfield code="a">Bibliogr. przy rozdz. - Indeks. - Summ.</subfield></datafield><datafield ind1=" " ind2="4" tag="650"><subfield code="a">Służba zdrowia</subfield><subfield code="x">organizacja</subfield></datafield><datafield ind1=" " ind2="4" tag="655"><subfield code="a">Materiały konferencyjne</subfield></datafield><datafield ind1="1" ind2=" " tag="700"><subfield code="a">Chytil, Method K.</subfield><subfield code="e">Red.</subfield></datafield><datafield ind1=" " ind2="0" tag="830"><subfield code="a">Libri Idearum</subfield></datafield><datafield ind1=" " ind2=" " tag="902"><subfield code="a">121219</subfield><subfield code="c">981005</subfield><subfield code="d">m</subfield><subfield code="e">a</subfield><subfield code="f">-</subfield><subfield code="g">0</subfield></datafield><datafield ind1=" " ind2=" " tag="907"><subfield code="b">bk   </subfield><subfield code="c">-</subfield></datafield><datafield ind1=" " ind2=" " tag="920"><subfield code="a">80-900153-2-8</subfield></datafield><datafield ind1=" " ind2=" " tag="960"><subfield code="a">II 1.840.592 A</subfield><subfield code="c">bk   </subfield><subfield code="d">30001009348491</subfield><subfield code="h">1994 w 313/14</subfield><subfield code="i">Z 0,20</subfield><subfield code="k">2</subfield><subfield code="l">-</subfield><subfield code="o">0</subfield></datafield><datafield ind1=" " ind2=" " tag="996"><subfield code="a">.b11526543</subfield></datafield><datafield ind1=" " ind2=" " tag="998"><subfield code="a">ik</subfield><subfield code="a">o</subfield></datafield><datafield ind1=" " ind2=" " tag="999"><subfield code="a">AT</subfield><subfield code="b">js</subfield></datafield><datafield ind1=" " ind2=" " tag="999"><subfield code="a">emal</subfield></datafield></record>