</MetadataObject><PersonObject OrderIndex="49" PartyRelation="CONTRIBUTOR"><PartyName>Method K. Chytil</PartyName><Identifiers><Identifier>1000017105032</Identifier><Scope>TEL</Scope></Identifiers><FirstNames>Method K.</FirstNames><Surname>Chytil</Surname></PersonObject><LinkObject FieldSource="TEL" LinkTarget="CATALOGUE_RECORD" OrderIndex="64"><Url>http://alpha.bn.org.pl/record=b1152654*pol</Url><LinkStatus>NOT_CHECKED</LinkStatus></LinkObject></MetadataRecord>
<MetadataRecord xmlns="http://theeuropeanlibrary.org/internal_object_model" ID="2000048756256"><BibliographicLevelObject OrderIndex="36">MONOGRAPH</BibliographicLevelObject><CatalogingFormObject OrderIndex="35">ISBD</CatalogingFormObject><TitleObject OrderIndex="41" TitleType="MAIN"><Title>Policy and politics in contemporary Poland</Title><SubTitle>reform, failure, crisis</SubTitle></TitleObject><IdentifierObject IdentifierType="LOCAL_IDENTIFIER" OrderIndex="27"><Identifier>b11526440</Identifier></IdentifierObject><IdentifierObject IdentifierType="OAIPMH" OrderIndex="29"><Identifier>urn:theeuropeanlibrary.org:a0232:b11526440</Identifier></IdentifierObject><IdentifierObject IdentifierType="LOCAL_IDENTIFIER" OrderIndex="38"><Identifier>b11526440</Identifier><Scope>a0232</Scope></IdentifierObject><IdentifierObject IdentifierType="ISBN" OrderIndex="39"><Identifier>0312619995</Identifier></IdentifierObject><IdentifierObject ContextLevel="RECORD" FieldSource="TEL" OrderIndex="53" PartyIdentifierType="TEL"><Identifier>3000003300346</Identifier><Scope>TEL</Scope></IdentifierObject><IdentifierObject ContextLevel="RECORD" FieldSource="TEL" OrderIndex="54" PartyIdentifierType="TEL"><Identifier>2000076648674</Identifier><Scope>TEL</Scope></IdentifierObject><IdentifierObject ContextLevel="RECORD" FieldSource="TEL" OrderIndex="55" PartyIdentifierType="TEL"><Identifier>2000076128564</Identifier><Scope>TEL</Scope></IdentifierObject><IdentifierObject ContextLevel="RECORD" FieldSource="TEL" OrderIndex="56" PartyIdentifierType="TEL"><Identifier>1000020821452</Identifier><Scope>TEL</Scope></IdentifierObject><IdentifierObject ContextLevel="RECORD" FieldSource="TEL" OrderIndex="57" SpatialIdentifierType="TEL"><Identifier>1000010381289</Identifier><Scope>TEL</Scope></IdentifierObject><IllustrationsObject OrderIndex="34">NO_ILLUSTRATIONS</IllustrationsObject><SpatialEntityObject OrderIndex="47" SpatialRelation="PUBLICATION"><Identifiers><Identifier>US</Identifier><Scope>ISO3166</Scope></Identifiers></SpatialEntityObject><NamedPlaceObject OrderIndex="45" SpatialRelation="PUBLICATION"><Identifiers><Identifier>1000010381289</Identifier><Scope>TEL</Scope></Identifiers><PlaceName>New York</PlaceName></NamedPlaceObject><NamedPlaceObject OrderIndex="48" SpatialRelation="SUBJECT"><PlaceName>Polska</PlaceName><Subject><GeneralSubdivision>polityka wewnętrzna</GeneralSubdivision><ChronologicalSubdivision><Instant><Time>-773287200000</Time><Granularity>MONTH</Granularity><Uncertain>false</Uncertain></Instant></ChronologicalSubdivision></Subject></NamedPlaceObject><PrintTypeObject OrderIndex="33">PRINTED</PrintTypeObject><ProvenanceObject OrderIndex="30"><CollectionId>a0232</CollectionId><ProviderId>P01214</ProviderId></ProvenanceObject><StatusObject OrderIndex="26">UPDATED</StatusObject><TextObject OrderIndex="40" TextRelation="STATEMENT_OF_RESPONSIBILITY"><Content>ed. by Jean Woodall.</Content></TextObject><TextObject OrderIndex="49" TextRelation="EXTENT"><Content>XIX, [1], 200 s. ;</Content></TextObject><TextObject OrderIndex="50" TextRelation="EXTENT"><Content>23 cm.</Content></TextObject><TextObject OrderIndex="51" TextRelation="DESCRIPTION"><Content>Indeks.</Content></TextObject><OrganizationObject OrderIndex="46" PartyRelation="PUBLISHER"><PartyName>St. Martin's Press</PartyName><Identifiers><Identifier>3000003300346</Identifier><Scope>TEL</Scope></Identifiers></OrganizationObject><LanguageObject LanguageRelation="LANGUAGE_OF_CONTENT" OrderIndex="44">ENG</LanguageObject><ResourceTypeObject OrderIndex="32">TEXT</ResourceTypeObject><AudienceObject OrderIndex="37">UNKNOW</AudienceObject><InstantObject OrderIndex="28" TemporalRelation="OP_LOADED"><Time>1358943215000</Time><Granularity>SECOND</Granularity><Uncertain>false</Uncertain></InstantObject><InstantObject OrderIndex="43" TemporalRelation="PUBLICATION"><Time>378691200000</Time><Granularity>YEAR</Granularity><Uncertain>false</Uncertain></InstantObject><MetadataObject FieldSource="PROVIDER" Format="marc21" OrderIndex="31"><record xmlns="info:lc/xmlns/marcxchange-v1"><leader>00847nam a2200253 i 4500</leader><controlfield tag="001">b11526440</controlfield><controlfield tag="008">981002s1982    xxu          |001 0 eng d</controlfield><datafield ind1=" " ind2=" " tag="020"><subfield code="a">0312619995</subfield></datafield><datafield ind1=" " ind2=" " tag="040"><subfield code="a">WA N</subfield><subfield code="c">WA N</subfield></datafield><datafield ind1="0" ind2="0" tag="245"><subfield code="a">Policy and politics in contemporary Poland :</subfield><subfield code="b">reform, failure, crisis /</subfield><subfield code="c">ed. by Jean Woodall.</subfield></datafield><datafield ind1=" " ind2=" " tag="260"><subfield code="a">New York :</subfield><subfield code="b">St. Martin's Press,</subfield><subfield code="c">1982.</subfield></datafield><datafield ind1=" " ind2=" " tag="300"><subfield code="a">XIX, [1], 200 s. ;</subfield><subfield code="c">23 cm.</subfield></datafield><datafield ind1=" " ind2=" " tag="504"><subfield code="a">Indeks.</subfield></datafield><datafield ind1=" " ind2="4" tag="651"><subfield code="a">Polska</subfield><subfield code="x">polityka wewnętrzna</subfield><subfield code="y">1944-1989 r.</subfield></datafield><datafield ind1="1" ind2=" " tag="700"><subfield code="a">Woodall, Jean</subfield><subfield code="d">(1950- ).</subfield><subfield code="e">Red.</subfield></datafield><datafield ind1=" " ind2=" " tag="902"><subfield code="a">121219</subfield><subfield code="c">981005</subfield><subfield code="d">m</subfield><subfield code="e">a</subfield><subfield code="f">-</subfield><subfield code="g">0</subfield></datafield><datafield ind1=" " ind2=" " tag="907"><subfield code="b">bk   </subfield><subfield code="c">-</subfield></datafield><datafield ind1=" " ind2=" " tag="920"><subfield code="a">0-312-61999-5</subfield></datafield><datafield ind1=" " ind2=" " tag="960"><subfield code="a">II 1.267.101 A</subfield><subfield code="c">bk   </subfield><subfield code="d">30001015954105</subfield><subfield code="h">1982 d 328</subfield><subfield code="i">Z 0,00</subfield><subfield code="l">-</subfield><subfield code="o">0</subfield><subfield code="x">odkwaszono 2012</subfield></datafield><datafield ind1=" " ind2=" " tag="960"><subfield code="a">II 1.107.668</subfield><subfield code="c">bk   </subfield><subfield code="h">1983 w 300/113</subfield><subfield code="i">Z 0,00</subfield><subfield code="l">-</subfield><subfield code="o">1</subfield></datafield><datafield ind1=" " ind2=" " tag="996"><subfield code="a">.b11526440</subfield></datafield><datafield ind1=" " ind2=" " tag="998"><subfield code="a">ik</subfield><subfield code="a">o</subfield></datafield><datafield ind1=" " ind2=" " tag="999"><subfield code="a">AT</subfield><subfield code="b">js</subfield></datafield><datafield ind1=" " ind2=" " tag="999"><subfield code="a">asto</subfield></datafield></record>