</MetadataObject><PersonObject OrderIndex="42" PartyRelation="CREATOR"><PartyName>Jerzy Andrzejewski</PartyName><Identifiers><Identifier>2000078067166</Identifier><Scope>TEL</Scope></Identifiers><Identifiers><Identifier>3000004383765</Identifier><Scope>TEL</Scope></Identifiers><Identifiers><Identifier>3000004065980</Identifier><Scope>TEL</Scope></Identifiers><Identifiers><Identifier>1000015797371</Identifier><Scope>TEL</Scope></Identifiers><Identifiers><Identifier>3000002552941</Identifier><Scope>TEL</Scope></Identifiers><Identifiers><Identifier>1000021063759</Identifier><Scope>TEL</Scope></Identifiers><Identifiers><Identifier>1000022114330</Identifier><Scope>TEL</Scope></Identifiers><Identifiers><Identifier>2000078006922</Identifier><Scope>TEL</Scope></Identifiers><Identifiers><Identifier>1000021658649</Identifier><Scope>TEL</Scope></Identifiers><LifePeriod><Start><Time>-1924992000000</Time><Granularity>YEAR</Granularity><Uncertain>false</Uncertain></Start><End><Time>410227200000</Time><Granularity>YEAR</Granularity><Uncertain>false</Uncertain></End></LifePeriod><FirstNames>Jerzy</FirstNames><Surname>Andrzejewski</Surname></PersonObject><PersonObject OrderIndex="43" PartyRelation="CONTRIBUTOR"><PartyName>Ludmiła. Ryba</PartyName><Identifiers><Identifier>1000021218243</Identifier><Scope>TEL</Scope></Identifiers><FirstNames>Ludmiła.</FirstNames><Surname>Ryba</Surname></PersonObject><PersonObject OrderIndex="44" PartyRelation="CONTRIBUTOR"><PartyName>Alberto Zoina</PartyName><Identifiers><Identifier>1000021217795</Identifier><Scope>TEL</Scope></Identifiers><LifePeriod><Start><Time>-504921600000</Time><Granularity>YEAR</Granularity><Uncertain>false</Uncertain></Start></LifePeriod><FirstNames>Alberto</FirstNames><Surname>Zoina</Surname></PersonObject><LinkObject FieldSource="TEL" LinkTarget="CATALOGUE_RECORD" OrderIndex="54"><Url>http://alpha.bn.org.pl/record=b1152667*pol</Url><LinkStatus>NOT_CHECKED</LinkStatus></LinkObject></MetadataRecord>
<MetadataRecord xmlns="http://theeuropeanlibrary.org/internal_object_model" ID="2000048756237"><BibliographicLevelObject OrderIndex="39">MONOGRAPH</BibliographicLevelObject><CatalogingFormObject OrderIndex="38">ISBD</CatalogingFormObject><TitleObject OrderIndex="43" TitleType="MAIN"><Title>Zrádná slova v polštině a češtině</Title><SubTitle>(lexikologický pohled a slovník)</SubTitle></TitleObject><IdentifierObject IdentifierType="LOCAL_IDENTIFIER" OrderIndex="29"><Identifier>b11526257</Identifier></IdentifierObject><IdentifierObject IdentifierType="OAIPMH" OrderIndex="31"><Identifier>urn:theeuropeanlibrary.org:a0232:b11526257</Identifier></IdentifierObject><IdentifierObject IdentifierType="LOCAL_IDENTIFIER" OrderIndex="41"><Identifier>b11526257</Identifier><Scope>a0232</Scope></IdentifierObject><IdentifierObject ContextLevel="RECORD" FieldSource="TEL" OrderIndex="57" PartyIdentifierType="TEL"><Identifier>3000002725527</Identifier><Scope>TEL</Scope></IdentifierObject><IdentifierObject ContextLevel="RECORD" FieldSource="TEL" OrderIndex="58" PartyIdentifierType="TEL"><Identifier>1000020950276</Identifier><Scope>TEL</Scope></IdentifierObject><IdentifierObject ContextLevel="RECORD" FieldSource="TEL" OrderIndex="59" PartyIdentifierType="TEL"><Identifier>1000020502668</Identifier><Scope>TEL</Scope></IdentifierObject><IdentifierObject ContextLevel="RECORD" FieldSource="TEL" OrderIndex="60" SpatialIdentifierType="TEL"><Identifier>1000006218775</Identifier><Scope>TEL</Scope></IdentifierObject><IllustrationsObject OrderIndex="36">ILLUSTRATIONS</IllustrationsObject><IllustrationsObject OrderIndex="37">NO_ILLUSTRATIONS</IllustrationsObject><SpatialEntityObject OrderIndex="50" SpatialRelation="PUBLICATION"><Identifiers><Identifier>CZ</Identifier><Scope>ISO3166</Scope></Identifiers></SpatialEntityObject><NamedPlaceObject OrderIndex="48" SpatialRelation="PUBLICATION"><Identifiers><Identifier>1000006218775</Identifier><Scope>TEL</Scope></Identifiers><PlaceName>Olomouc</PlaceName></NamedPlaceObject><PrintTypeObject OrderIndex="35">PRINTED</PrintTypeObject><ProvenanceObject OrderIndex="32"><CollectionId>a0232</CollectionId><ProviderId>P01214</ProviderId></ProvenanceObject><StatusObject OrderIndex="28">UPDATED</StatusObject><TextObject OrderIndex="42" TextRelation="STATEMENT_OF_RESPONSIBILITY"><Content>Edvard Lotko.</Content></TextObject><TextObject OrderIndex="53" TextRelation="FORMAT_UNCONTROLED"><Content>wykr. ;</Content></TextObject><TextObject OrderIndex="54" TextRelation="EXTENT"><Content>183 s. :</Content></TextObject><TextObject OrderIndex="55" TextRelation="EXTENT"><Content>21 cm.</Content></TextObject><OrganizationObject OrderIndex="49" PartyRelation="PUBLISHER"><PartyName>Votobia</PartyName><Identifiers><Identifier>1000020502668</Identifier><Scope>TEL</Scope></Identifiers></OrganizationObject><LanguageObject LanguageRelation="LANGUAGE_OF_CONTENT" OrderIndex="46">CZE</LanguageObject><LanguageObject LanguageRelation="LANGUAGE_OF_CONTENT" OrderIndex="47">POL</LanguageObject><ResourceTypeObject OrderIndex="34">TEXT</ResourceTypeObject><TopicObject OrderIndex="51"><TopicName>Słowniki czesko-polskie</TopicName></TopicObject><TopicObject OrderIndex="52"><TopicName>Słowniki polsko-czeskie</TopicName></TopicObject><AudienceObject OrderIndex="40">UNKNOW</AudienceObject><InstantObject OrderIndex="30" TemporalRelation="OP_LOADED"><Time>1358943216000</Time><Granularity>SECOND</Granularity><Uncertain>false</Uncertain></InstantObject><InstantObject OrderIndex="45" TemporalRelation="PUBLICATION"><Time>694224000000</Time><Granularity>YEAR</Granularity><Uncertain>false</Uncertain></InstantObject><MetadataObject FieldSource="PROVIDER" Format="marc21" OrderIndex="33"><record xmlns="info:lc/xmlns/marcxchange-v1"><leader>00886nam a2200265 i 4500</leader><controlfield tag="001">b11526257</controlfield><controlfield tag="008">981002s1992    xr a         |000 0 cze  </controlfield><datafield ind1=" " ind2=" " tag="040"><subfield code="a">WA N</subfield><subfield code="c">WA N</subfield></datafield><datafield ind1="0" ind2=" " tag="041"><subfield code="a">cze</subfield><subfield code="a">pol</subfield></datafield><datafield ind1="1" ind2=" " tag="100"><subfield code="a">Lotko, Edvard</subfield><subfield code="d">(1932- ).</subfield></datafield><datafield ind1="1" ind2="0" tag="245"><subfield code="a">Zrádná slova v polštině a češtině :</subfield><subfield code="b">(lexikologický pohled a slovník) /</subfield><subfield code="c">Edvard Lotko.</subfield></datafield><datafield ind1=" " ind2=" " tag="260"><subfield code="a">Olomouc :</subfield><subfield code="b">Votobia,</subfield><subfield code="c">1992.</subfield></datafield><datafield ind1=" " ind2=" " tag="300"><subfield code="a">183 s. :</subfield><subfield code="b">wykr. ;</subfield><subfield code="c">21 cm.</subfield></datafield><datafield ind1="1" ind2=" " tag="490"><subfield code="a">Edice Studijních Textů</subfield></datafield><datafield ind1=" " ind2="4" tag="655"><subfield code="a">Słowniki czesko-polskie</subfield></datafield><datafield ind1=" " ind2="4" tag="655"><subfield code="a">Słowniki polsko-czeskie</subfield></datafield><datafield ind1=" " ind2="0" tag="830"><subfield code="a">Edice Studijních Textů</subfield></datafield><datafield ind1=" " ind2=" " tag="902"><subfield code="a">121211</subfield><subfield code="c">981005</subfield><subfield code="d">m</subfield><subfield code="e">a</subfield><subfield code="f">-</subfield><subfield code="g">0</subfield></datafield><datafield ind1=" " ind2=" " tag="907"><subfield code="b">bk   </subfield><subfield code="c">-</subfield></datafield><datafield ind1=" " ind2=" " tag="960"><subfield code="a">II 1.702.194</subfield><subfield code="c">bk   </subfield><subfield code="d">30001002205914</subfield><subfield code="h">1994 w 313/30</subfield><subfield code="i">Z 0,10</subfield><subfield code="k">1</subfield><subfield code="l">-</subfield><subfield code="o">1</subfield></datafield><datafield ind1=" " ind2=" " tag="960"><subfield code="a">II 1.840.581 A</subfield><subfield code="c">bk   </subfield><subfield code="d">30001009348392</subfield><subfield code="h">1994 w 313/29</subfield><subfield code="i">Z 0,10</subfield><subfield code="k">1</subfield><subfield code="l">-</subfield><subfield code="o">0</subfield></datafield><datafield ind1=" " ind2=" " tag="996"><subfield code="a">.b11526257</subfield></datafield><datafield ind1=" " ind2=" " tag="998"><subfield code="a">ik</subfield><subfield code="a">o</subfield></datafield><datafield ind1=" " ind2=" " tag="999"><subfield code="a">AT</subfield><subfield code="b">js</subfield></datafield><datafield ind1=" " ind2=" " tag="999"><subfield code="a">rodo</subfield></datafield></record>