</MetadataObject><PersonObject OrderIndex="44" PartyRelation="CREATOR"><PartyName>Edvard Lotko</PartyName><Identifiers><Identifier>3000002725527</Identifier><Scope>TEL</Scope></Identifiers><Identifiers><Identifier>1000020950276</Identifier><Scope>TEL</Scope></Identifiers><LifePeriod><Start><Time>-1199232000000</Time><Granularity>YEAR</Granularity><Uncertain>false</Uncertain></Start></LifePeriod><FirstNames>Edvard</FirstNames><Surname>Lotko</Surname></PersonObject><LinkObject FieldSource="TEL" LinkTarget="CATALOGUE_RECORD" OrderIndex="56"><Url>http://alpha.bn.org.pl/record=b1152625*pol</Url><LinkStatus>NOT_CHECKED</LinkStatus></LinkObject></MetadataRecord>
<MetadataRecord xmlns="http://theeuropeanlibrary.org/internal_object_model" ID="2000048756224"><BibliographicLevelObject OrderIndex="40">MONOGRAPH</BibliographicLevelObject><CatalogingFormObject OrderIndex="39">ISBD</CatalogingFormObject><TitleObject OrderIndex="45" TitleType="MAIN"><Title>Église et États</Title><SubTitle>France et Pologne XVe-XXe siècles : études</SubTitle></TitleObject><IdentifierObject IdentifierType="LOCAL_IDENTIFIER" OrderIndex="30"><Identifier>b11526129</Identifier></IdentifierObject><IdentifierObject IdentifierType="OAIPMH" OrderIndex="32"><Identifier>urn:theeuropeanlibrary.org:a0232:b11526129</Identifier></IdentifierObject><IdentifierObject IdentifierType="LOCAL_IDENTIFIER" OrderIndex="42"><Identifier>b11526129</Identifier><Scope>a0232</Scope></IdentifierObject><IdentifierObject IdentifierType="ISBN" OrderIndex="43"><Identifier>2868470831</Identifier></IdentifierObject><IdentifierObject ContextLevel="RECORD" FieldSource="TEL" OrderIndex="59" SpatialIdentifierType="TEL"><Identifier>1000006047924</Identifier><Scope>TEL</Scope></IdentifierObject><IdentifierObject ContextLevel="CONTENT" FieldSource="TEL" OrderIndex="60" SpatialIdentifierType="TEL"><Identifier>1000006114502</Identifier><Scope>TEL</Scope></IdentifierObject><IllustrationsObject OrderIndex="37">ILLUSTRATIONS</IllustrationsObject><IllustrationsObject OrderIndex="38">NO_ILLUSTRATIONS</IllustrationsObject><SpatialEntityObject OrderIndex="51" SpatialRelation="PUBLICATION"><Identifiers><Identifier>FR</Identifier><Scope>ISO3166</Scope></Identifiers></SpatialEntityObject><NamedPlaceObject OrderIndex="49" SpatialRelation="PUBLICATION"><Identifiers><Identifier>1000006047924</Identifier><Scope>TEL</Scope></Identifiers><PlaceName>Rennes</PlaceName></NamedPlaceObject><PrintTypeObject OrderIndex="36">PRINTED</PrintTypeObject><ProvenanceObject OrderIndex="33"><CollectionId>a0232</CollectionId><ProviderId>P01214</ProviderId></ProvenanceObject><StatusObject OrderIndex="29">UPDATED</StatusObject><TextObject OrderIndex="44" TextRelation="STATEMENT_OF_RESPONSIBILITY"><Content>réunies par Hervé Martin.</Content></TextObject><TextObject OrderIndex="54" TextRelation="FORMAT_UNCONTROLED"><Content>fot., wykr. ;</Content></TextObject><TextObject OrderIndex="55" TextRelation="EXTENT"><Content>137, [4] s. :</Content></TextObject><TextObject OrderIndex="56" TextRelation="EXTENT"><Content>24 cm.</Content></TextObject><TextObject OrderIndex="57" TextRelation="DESCRIPTION"><Content>Bibliogr. s. 137.</Content></TextObject><OrganizationObject OrderIndex="50" PartyRelation="PUBLISHER"><PartyName>Presses Univ. de Rennes</PartyName></OrganizationObject><LanguageObject LanguageRelation="LANGUAGE_OF_CONTENT" OrderIndex="48">FRE</LanguageObject><ResourceTypeObject OrderIndex="35">TEXT</ResourceTypeObject><TopicObject OrderIndex="52"><ChronologicalSubdivision><Instant><Time>-61644067200000</Time><Granularity>MONTH</Granularity><Uncertain>false</Uncertain></Instant></ChronologicalSubdivision><GeographicSubdivision><NamedPlace><PlaceName>Polska</PlaceName></NamedPlace></GeographicSubdivision><TopicName>Kościół a państwo</TopicName></TopicObject><TopicObject OrderIndex="53"><ChronologicalSubdivision><Instant><Time>-61644067200000</Time><Granularity>MONTH</Granularity><Uncertain>false</Uncertain></Instant></ChronologicalSubdivision><GeographicSubdivision><NamedPlace><Identifiers><Identifier>1000006114502</Identifier><Scope>TEL</Scope></Identifiers><PlaceName>Francja</PlaceName></NamedPlace></GeographicSubdivision><TopicName>Kościół a państwo</TopicName></TopicObject><AudienceObject OrderIndex="41">UNKNOW</AudienceObject><InstantObject OrderIndex="31" TemporalRelation="OP_LOADED"><Time>1358943207000</Time><Granularity>SECOND</Granularity><Uncertain>false</Uncertain></InstantObject><InstantObject OrderIndex="47" TemporalRelation="PUBLICATION"><Time>725846400000</Time><Granularity>YEAR</Granularity><Uncertain>false</Uncertain></InstantObject><MetadataObject FieldSource="PROVIDER" Format="marc21" OrderIndex="34"><record xmlns="info:lc/xmlns/marcxchange-v1"><leader>01020nam a2200289 i 4500</leader><controlfield tag="001">b11526129</controlfield><controlfield tag="008">981002s1993    fr a         |000 0 fre  </controlfield><datafield ind1=" " ind2=" " tag="020"><subfield code="a">2868470831</subfield></datafield><datafield ind1=" " ind2=" " tag="040"><subfield code="a">WA N</subfield><subfield code="c">WA N</subfield></datafield><datafield ind1="0" ind2="0" tag="245"><subfield code="a">Église et États :</subfield><subfield code="b">France et Pologne XVe-XXe siècles : études /</subfield><subfield code="c">réunies par Hervé Martin.</subfield></datafield><datafield ind1=" " ind2=" " tag="260"><subfield code="a">Rennes :</subfield><subfield code="b">Presses Univ. de Rennes,</subfield><subfield code="c">1993.</subfield></datafield><datafield ind1=" " ind2=" " tag="300"><subfield code="a">137, [4] s. :</subfield><subfield code="b">fot., wykr. ;</subfield><subfield code="c">24 cm.</subfield></datafield><datafield ind1="1" ind2=" " tag="490"><subfield code="a">Des Sociétés,</subfield><subfield code="x">0154-5604</subfield></datafield><datafield ind1=" " ind2=" " tag="504"><subfield code="a">Bibliogr. s. 137.</subfield></datafield><datafield ind1=" " ind2="4" tag="650"><subfield code="a">Kościół a państwo</subfield><subfield code="z">Polska</subfield><subfield code="y">15-20 w.</subfield></datafield><datafield ind1=" " ind2="4" tag="650"><subfield code="a">Kościół a państwo</subfield><subfield code="z">Francja</subfield><subfield code="y">15-20 w.</subfield></datafield><datafield ind1="1" ind2=" " tag="700"><subfield code="a">Martin, Hervé</subfield><subfield code="d">(1940- ).</subfield><subfield code="e">Wybór</subfield></datafield><datafield ind1=" " ind2="0" tag="830"><subfield code="a">Des Sociétés,</subfield><subfield code="x">0154-5604</subfield></datafield><datafield ind1=" " ind2=" " tag="902"><subfield code="a">121211</subfield><subfield code="c">981005</subfield><subfield code="d">m</subfield><subfield code="e">a</subfield><subfield code="f">-</subfield><subfield code="g">0</subfield></datafield><datafield ind1=" " ind2=" " tag="907"><subfield code="b">bk   </subfield><subfield code="c">-</subfield></datafield><datafield ind1=" " ind2=" " tag="920"><subfield code="a">2-86847-083-1</subfield></datafield><datafield ind1=" " ind2=" " tag="960"><subfield code="a">II 1.702.217</subfield><subfield code="c">bk   </subfield><subfield code="d">30001001962523</subfield><subfield code="h">1994 w 552/43</subfield><subfield code="i">Z 0,25</subfield><subfield code="k">1</subfield><subfield code="l">-</subfield><subfield code="o">1</subfield></datafield><datafield ind1=" " ind2=" " tag="960"><subfield code="a">II 1.840.619 A</subfield><subfield code="c">bk   </subfield><subfield code="d">30001009348767</subfield><subfield code="h">1994 d 134</subfield><subfield code="i">Z 0,25</subfield><subfield code="k">1</subfield><subfield code="l">-</subfield><subfield code="o">0</subfield></datafield><datafield ind1=" " ind2=" " tag="996"><subfield code="a">.b11526129</subfield></datafield><datafield ind1=" " ind2=" " tag="998"><subfield code="a">ik</subfield><subfield code="a">o</subfield></datafield><datafield ind1=" " ind2=" " tag="999"><subfield code="a">AT</subfield><subfield code="b">js</subfield></datafield><datafield ind1=" " ind2=" " tag="999"><subfield code="a">anku</subfield></datafield></record>