</MetadataObject><PersonObject OrderIndex="45" PartyRelation="CREATOR"><PartyName>Andrzej Bart</PartyName><Identifiers><Identifier>2000073751442</Identifier><Scope>TEL</Scope></Identifiers><Identifiers><Identifier>3000004241929</Identifier><Scope>TEL</Scope></Identifiers><Identifiers><Identifier>1000021903001</Identifier><Scope>TEL</Scope></Identifiers><LifePeriod><Start><Time>-568080000000</Time><Granularity>YEAR</Granularity><Uncertain>false</Uncertain></Start></LifePeriod><FirstNames>Andrzej</FirstNames><Surname>Bart</Surname></PersonObject><PersonObject OrderIndex="46" PartyRelation="CONTRIBUTOR"><PartyName>Elisabeth. Destrée-Van Wilder</PartyName><FirstNames>Elisabeth.</FirstNames><Surname>Destrée-Van Wilder</Surname></PersonObject><LinkObject FieldSource="TEL" LinkTarget="CATALOGUE_RECORD" OrderIndex="58"><Url>http://alpha.bn.org.pl/record=b1152635*pol</Url><LinkStatus>NOT_CHECKED</LinkStatus></LinkObject></MetadataRecord>
<MetadataRecord xmlns="http://theeuropeanlibrary.org/internal_object_model" ID="2000048756333"><BibliographicLevelObject OrderIndex="39">MONOGRAPH</BibliographicLevelObject><CatalogingFormObject OrderIndex="38">ISBD</CatalogingFormObject><TitleObject OrderIndex="44" TitleType="MAIN"><Title>The uses of adversity</Title><SubTitle>essays on the fate of Central Europe</SubTitle></TitleObject><IdentifierObject IdentifierType="LOCAL_IDENTIFIER" OrderIndex="30"><Identifier>b11527213</Identifier></IdentifierObject><IdentifierObject IdentifierType="OAIPMH" OrderIndex="32"><Identifier>urn:theeuropeanlibrary.org:a0232:b11527213</Identifier></IdentifierObject><IdentifierObject IdentifierType="LOCAL_IDENTIFIER" OrderIndex="41"><Identifier>b11527213</Identifier><Scope>a0232</Scope></IdentifierObject><IdentifierObject IdentifierType="ISBN" OrderIndex="42"><Identifier>0394575733</Identifier></IdentifierObject><IdentifierObject ContextLevel="RECORD" FieldSource="TEL" OrderIndex="59" PartyIdentifierType="TEL"><Identifier>1000016932723</Identifier><Scope>TEL</Scope></IdentifierObject><IdentifierObject ContextLevel="RECORD" FieldSource="TEL" OrderIndex="60" PartyIdentifierType="TEL"><Identifier>3000004140758</Identifier><Scope>TEL</Scope></IdentifierObject><IdentifierObject ContextLevel="RECORD" FieldSource="TEL" OrderIndex="61" PartyIdentifierType="TEL"><Identifier>3000003310618</Identifier><Scope>TEL</Scope></IdentifierObject><IdentifierObject ContextLevel="RECORD" FieldSource="TEL" OrderIndex="62" PartyIdentifierType="TEL"><Identifier>3000004321605</Identifier><Scope>TEL</Scope></IdentifierObject><IdentifierObject ContextLevel="RECORD" FieldSource="TEL" OrderIndex="63" PartyIdentifierType="TEL"><Identifier>1000022570773</Identifier><Scope>TEL</Scope></IdentifierObject><IdentifierObject ContextLevel="RECORD" FieldSource="TEL" OrderIndex="64" PartyIdentifierType="TEL"><Identifier>2000074306627</Identifier><Scope>TEL</Scope></IdentifierObject><IdentifierObject ContextLevel="RECORD" FieldSource="TEL" OrderIndex="65" SpatialIdentifierType="TEL"><Identifier>1000010381289</Identifier><Scope>TEL</Scope></IdentifierObject><IllustrationsObject OrderIndex="37">NO_ILLUSTRATIONS</IllustrationsObject><SpatialEntityObject OrderIndex="50" SpatialRelation="PUBLICATION"><Identifiers><Identifier>US</Identifier><Scope>ISO3166</Scope></Identifiers></SpatialEntityObject><NamedPlaceObject OrderIndex="48" SpatialRelation="PUBLICATION"><Identifiers><Identifier>1000010381289</Identifier><Scope>TEL</Scope></Identifiers><PlaceName>New York</PlaceName></NamedPlaceObject><NamedPlaceObject OrderIndex="52" SpatialRelation="SUBJECT"><PlaceName>Europa Środkowo-Wschodnia</PlaceName><Subject><GeneralSubdivision>polityka wewnętrzna</GeneralSubdivision><ChronologicalSubdivision><Instant><Time>599616000000</Time><Granularity>YEAR</Granularity><Uncertain>false</Uncertain></Instant></ChronologicalSubdivision></Subject></NamedPlaceObject><PrintTypeObject OrderIndex="36">PRINTED</PrintTypeObject><ProvenanceObject OrderIndex="33"><CollectionId>a0232</CollectionId><ProviderId>P01214</ProviderId></ProvenanceObject><StatusObject OrderIndex="29">UPDATED</StatusObject><TextObject OrderIndex="43" TextRelation="STATEMENT_OF_RESPONSIBILITY"><Content>Timothy Garton Ash.</Content></TextObject><TextObject OrderIndex="54" TextRelation="EXTENT"><Content>XI, [3], 335, [2] s. ;</Content></TextObject><TextObject OrderIndex="55" TextRelation="EXTENT"><Content>22 cm.</Content></TextObject><TextObject NoteType="GENERAL" OrderIndex="56" TextRelation="NOTE"><Content>Dotyczy m. in. Polski.</Content></TextObject><TextObject OrderIndex="57" TextRelation="DESCRIPTION"><Content>Indeks.</Content></TextObject><OrganizationObject OrderIndex="49" PartyRelation="PUBLISHER"><PartyName>Random House</PartyName><Identifiers><Identifier>3000003310618</Identifier><Scope>TEL</Scope></Identifiers><Identifiers><Identifier>3000004321605</Identifier><Scope>TEL</Scope></Identifiers><Identifiers><Identifier>1000022570773</Identifier><Scope>TEL</Scope></Identifiers><Identifiers><Identifier>2000074306627</Identifier><Scope>TEL</Scope></Identifiers></OrganizationObject><LanguageObject LanguageRelation="LANGUAGE_OF_CONTENT" OrderIndex="47">ENG</LanguageObject><ResourceTypeObject OrderIndex="35">TEXT</ResourceTypeObject><TopicObject OrderIndex="51"><GeneralSubdivision>polityka wewnętrzna</GeneralSubdivision><TopicName>Kraje socjalistyczne</TopicName></TopicObject><TopicObject OrderIndex="53"><ChronologicalSubdivision><Instant><Time>-741747600000</Time><Granularity>MONTH</Granularity><Uncertain>false</Uncertain></Instant></ChronologicalSubdivision><TopicName>Publicystyka angielska</TopicName></TopicObject><AudienceObject OrderIndex="40">UNKNOW</AudienceObject><InstantObject OrderIndex="31" TemporalRelation="OP_LOADED"><Time>1358943214000</Time><Granularity>SECOND</Granularity><Uncertain>false</Uncertain></InstantObject><InstantObject OrderIndex="46" TemporalRelation="PUBLICATION"><Time>599616000000</Time><Granularity>YEAR</Granularity><Uncertain>false</Uncertain></InstantObject><MetadataObject FieldSource="PROVIDER" Format="marc21" OrderIndex="34"><record xmlns="info:lc/xmlns/marcxchange-v1"><leader>00952nam a2200289 i 4500</leader><controlfield tag="001">b11527213</controlfield><controlfield tag="008">981002s1989    xxu          |001 0 eng d</controlfield><datafield ind1=" " ind2=" " tag="020"><subfield code="a">0394575733</subfield></datafield><datafield ind1=" " ind2=" " tag="040"><subfield code="a">WA N</subfield><subfield code="c">WA N</subfield></datafield><datafield ind1="1" ind2=" " tag="100"><subfield code="a">Garton Ash, Timothy</subfield><subfield code="d">(1955- ).</subfield></datafield><datafield ind1="1" ind2="4" tag="245"><subfield code="a">The uses of adversity :</subfield><subfield code="b">essays on the fate of Central Europe /</subfield><subfield code="c">Timothy Garton Ash.</subfield></datafield><datafield ind1=" " ind2=" " tag="260"><subfield code="a">New York :</subfield><subfield code="b">Random House,</subfield><subfield code="c">1989.</subfield></datafield><datafield ind1=" " ind2=" " tag="300"><subfield code="a">XI, [3], 335, [2] s. ;</subfield><subfield code="c">22 cm.</subfield></datafield><datafield ind1=" " ind2=" " tag="500"><subfield code="a">Dotyczy m. in. Polski.</subfield></datafield><datafield ind1=" " ind2=" " tag="504"><subfield code="a">Indeks.</subfield></datafield><datafield ind1=" " ind2="4" tag="650"><subfield code="a">Kraje socjalistyczne</subfield><subfield code="x">polityka wewnętrzna</subfield></datafield><datafield ind1=" " ind2="4" tag="651"><subfield code="a">Europa Środkowo-Wschodnia</subfield><subfield code="x">polityka wewnętrzna</subfield><subfield code="y">od 1989 r.</subfield></datafield><datafield ind1=" " ind2="4" tag="655"><subfield code="a">Publicystyka angielska</subfield><subfield code="y">1945-1989 r.</subfield></datafield><datafield ind1=" " ind2=" " tag="902"><subfield code="a">121219</subfield><subfield code="c">981005</subfield><subfield code="d">m</subfield><subfield code="e">a</subfield><subfield code="f">-</subfield><subfield code="g">0</subfield></datafield><datafield ind1=" " ind2=" " tag="907"><subfield code="b">bk   </subfield><subfield code="c">-</subfield></datafield><datafield ind1=" " ind2=" " tag="920"><subfield code="a">0-394-57573-3</subfield></datafield><datafield ind1=" " ind2=" " tag="960"><subfield code="a">II 1.841.554 A</subfield><subfield code="c">bk   </subfield><subfield code="d">30001009545203</subfield><subfield code="h">1994 w 208/6</subfield><subfield code="i">Z 0,60</subfield><subfield code="k">2</subfield><subfield code="l">-</subfield><subfield code="o">0</subfield></datafield><datafield ind1=" " ind2=" " tag="996"><subfield code="a">.b11527213</subfield></datafield><datafield ind1=" " ind2=" " tag="998"><subfield code="a">ik</subfield><subfield code="a">o</subfield></datafield><datafield ind1=" " ind2=" " tag="999"><subfield code="a">AT</subfield><subfield code="b">js</subfield></datafield><datafield ind1=" " ind2=" " tag="999"><subfield code="a">asto</subfield><subfield code="a">resi</subfield></datafield><datafield ind1=" " ind2=" " tag="999"><subfield code="a">ae</subfield></datafield></record>