</MetadataObject><PersonObject OrderIndex="45" PartyRelation="CREATOR"><PartyName>Timothy Garton Ash</PartyName><Identifiers><Identifier>1000016932723</Identifier><Scope>TEL</Scope></Identifiers><Identifiers><Identifier>3000004140758</Identifier><Scope>TEL</Scope></Identifiers><LifePeriod><Start><Time>-473385600000</Time><Granularity>YEAR</Granularity><Uncertain>false</Uncertain></Start></LifePeriod><FirstNames>Timothy</FirstNames><Surname>Garton Ash</Surname></PersonObject><LinkObject FieldSource="TEL" LinkTarget="CATALOGUE_RECORD" OrderIndex="58"><Url>http://alpha.bn.org.pl/record=b1152721*pol</Url><LinkStatus>NOT_CHECKED</LinkStatus></LinkObject></MetadataRecord>
<MetadataRecord xmlns="http://theeuropeanlibrary.org/internal_object_model" ID="2000048756320"><BibliographicLevelObject OrderIndex="41">MONOGRAPH</BibliographicLevelObject><CatalogingFormObject OrderIndex="40">ISBD</CatalogingFormObject><TitleObject OrderIndex="46" TitleType="MAIN"><Title>Ukraïns'ka Povstans'ka Armìja 1942-1952</Title><SubTitle>dokumenti ì materìali</SubTitle></TitleObject><IdentifierObject IdentifierType="LOCAL_IDENTIFIER" OrderIndex="31"><Identifier>b11527080</Identifier></IdentifierObject><IdentifierObject IdentifierType="OAIPMH" OrderIndex="33"><Identifier>urn:theeuropeanlibrary.org:a0232:b11527080</Identifier></IdentifierObject><IdentifierObject IdentifierType="LOCAL_IDENTIFIER" OrderIndex="43"><Identifier>b11527080</Identifier><Scope>a0232</Scope></IdentifierObject><IdentifierObject IdentifierType="ISBN" OrderIndex="44"><Identifier>5770706309</Identifier></IdentifierObject><IllustrationsObject OrderIndex="38">ILLUSTRATIONS</IllustrationsObject><IllustrationsObject OrderIndex="39">NO_ILLUSTRATIONS</IllustrationsObject><SpatialEntityObject OrderIndex="52" SpatialRelation="PUBLICATION"><Identifiers><Identifier>UA</Identifier><Scope>ISO3166</Scope></Identifiers></SpatialEntityObject><NamedPlaceObject OrderIndex="50" SpatialRelation="PUBLICATION"><PlaceName>L'vìv</PlaceName></NamedPlaceObject><PrintTypeObject OrderIndex="37">PRINTED</PrintTypeObject><ProvenanceObject OrderIndex="34"><CollectionId>a0232</CollectionId><ProviderId>P01214</ProviderId></ProvenanceObject><StatusObject OrderIndex="30">UPDATED</StatusObject><TextObject OrderIndex="45" TextRelation="STATEMENT_OF_RESPONSIBILITY"><Content>Petro Mìrčuk.</Content></TextObject><TextObject OrderIndex="55" TextRelation="FORMAT_UNCONTROLED"><Content>il. ;</Content></TextObject><TextObject OrderIndex="56" TextRelation="EXTENT"><Content>447, [1] s. :</Content></TextObject><TextObject OrderIndex="57" TextRelation="EXTENT"><Content>21 cm.</Content></TextObject><TextObject NoteType="GENERAL" OrderIndex="58" TextRelation="NOTE"><Content>Dotyczy działalności UPA na terenie Polski.</Content></TextObject><TextObject NoteType="GENERAL" OrderIndex="59" TextRelation="NOTE"><Content>Przedr., oryg. : München : [s. n.], 1953.</Content></TextObject><OrganizationObject OrderIndex="51" PartyRelation="PUBLISHER"><PartyName>”Prosvìti“</PartyName></OrganizationObject><OrganizationObject OrderIndex="53" PartyRelation="SUBJECT"><PartyName>Ukraïns'ka Povstans'ka Armiâ</PartyName><Subject/></OrganizationObject><LanguageObject LanguageRelation="LANGUAGE_OF_CONTENT" OrderIndex="49">UKR</LanguageObject><ResourceTypeObject OrderIndex="36">TEXT</ResourceTypeObject><TopicObject OrderIndex="54"><TopicName>Źródła historyczne</TopicName></TopicObject><AudienceObject OrderIndex="42">UNKNOW</AudienceObject><InstantObject OrderIndex="32" TemporalRelation="OP_LOADED"><Time>1358943216000</Time><Granularity>SECOND</Granularity><Uncertain>false</Uncertain></InstantObject><InstantObject OrderIndex="48" TemporalRelation="PUBLICATION"><Time>662688000000</Time><Granularity>YEAR</Granularity><Uncertain>false</Uncertain></InstantObject><MetadataObject FieldSource="PROVIDER" Format="marc21" OrderIndex="35"><record xmlns="info:lc/xmlns/marcxchange-v1"><leader>00975nam a2200289 i 4500</leader><controlfield tag="001">b11527080</controlfield><controlfield tag="008">981002s1991    un a         |000 0 ukr  </controlfield><datafield ind1=" " ind2=" " tag="020"><subfield code="a">5770706309</subfield></datafield><datafield ind1=" " ind2=" " tag="040"><subfield code="a">WA N</subfield><subfield code="c">WA N</subfield></datafield><datafield ind1="1" ind2=" " tag="100"><subfield code="a">Mìrčuk, Petro.</subfield></datafield><datafield ind1="1" ind2="0" tag="245"><subfield code="a">Ukraïns'ka Povstans'ka Armìja 1942-1952 :</subfield><subfield code="b">dokumenti ì materìali /</subfield><subfield code="c">Petro Mìrčuk.</subfield></datafield><datafield ind1=" " ind2=" " tag="260"><subfield code="a">L'vìv :</subfield><subfield code="b">”Prosvìti“,</subfield><subfield code="c">1991.</subfield></datafield><datafield ind1=" " ind2=" " tag="300"><subfield code="a">447, [1] s. :</subfield><subfield code="b">il. ;</subfield><subfield code="c">21 cm.</subfield></datafield><datafield ind1=" " ind2=" " tag="500"><subfield code="a">Dotyczy działalności UPA na terenie Polski.</subfield></datafield><datafield ind1=" " ind2=" " tag="500"><subfield code="a">Przedr., oryg. : München : [s. n.], 1953.</subfield></datafield><datafield ind1="2" ind2="4" tag="610"><subfield code="a">Ukraïns'ka Povstans'ka Armiâ</subfield></datafield><datafield ind1=" " ind2="4" tag="655"><subfield code="a">Źródła historyczne</subfield></datafield><datafield ind1=" " ind2=" " tag="902"><subfield code="a">121211</subfield><subfield code="c">990226</subfield><subfield code="d">m</subfield><subfield code="e">a</subfield><subfield code="f">-</subfield><subfield code="g">0</subfield></datafield><datafield ind1=" " ind2=" " tag="907"><subfield code="b">bk   </subfield><subfield code="c">-</subfield></datafield><datafield ind1=" " ind2=" " tag="920"><subfield code="a">5-7707-0630-9</subfield></datafield><datafield ind1=" " ind2=" " tag="960"><subfield code="a">II 1.702.335</subfield><subfield code="c">bk   </subfield><subfield code="d">30001005174067</subfield><subfield code="h">1995 w 63/10</subfield><subfield code="i">Z 0,20</subfield><subfield code="k">2</subfield><subfield code="l">-</subfield><subfield code="o">1</subfield></datafield><datafield ind1=" " ind2=" " tag="960"><subfield code="a">II 1.840.093 A</subfield><subfield code="c">bk   </subfield><subfield code="d">30001009333770</subfield><subfield code="h">1993 k 1204/5</subfield><subfield code="i">Z 0,00</subfield><subfield code="l">-</subfield><subfield code="o">0</subfield></datafield><datafield ind1=" " ind2=" " tag="996"><subfield code="a">.b11527080</subfield></datafield><datafield ind1=" " ind2=" " tag="998"><subfield code="a">ik</subfield><subfield code="a">o</subfield></datafield><datafield ind1=" " ind2=" " tag="999"><subfield code="a">JB</subfield><subfield code="b">js</subfield></datafield><datafield ind1=" " ind2=" " tag="999"><subfield code="a">mabl</subfield><subfield code="a">anno</subfield></datafield><datafield ind1=" " ind2=" " tag="999"><subfield code="a">mb</subfield></datafield></record>