</MetadataObject><PersonObject OrderIndex="47" PartyRelation="CREATOR"><PartyName>Petro. Mìrčuk</PartyName><FirstNames>Petro.</FirstNames><Surname>Mìrčuk</Surname></PersonObject><LinkObject FieldSource="TEL" LinkTarget="CATALOGUE_RECORD" OrderIndex="60"><Url>http://alpha.bn.org.pl/record=b1152708*pol</Url><LinkStatus>NOT_CHECKED</LinkStatus></LinkObject></MetadataRecord>
<MetadataRecord xmlns="http://theeuropeanlibrary.org/internal_object_model" ID="2000048756343"><BibliographicLevelObject OrderIndex="37">MONOGRAPH</BibliographicLevelObject><CatalogingFormObject OrderIndex="36">ISBD</CatalogingFormObject><TitleObject OrderIndex="41" TitleType="MAIN"><Title>Spectacle et signification</Title></TitleObject><IdentifierObject IdentifierType="LOCAL_IDENTIFIER" OrderIndex="28"><Identifier>b11527316</Identifier></IdentifierObject><IdentifierObject IdentifierType="OAIPMH" OrderIndex="30"><Identifier>urn:theeuropeanlibrary.org:a0232:b11527316</Identifier></IdentifierObject><IdentifierObject IdentifierType="LOCAL_IDENTIFIER" OrderIndex="39"><Identifier>b11527316</Identifier><Scope>a0232</Scope></IdentifierObject><IdentifierObject IdentifierType="ISBN" OrderIndex="40"><Identifier>2921425149</Identifier></IdentifierObject><IdentifierObject ContextLevel="RECORD" FieldSource="TEL" OrderIndex="55" PartyIdentifierType="TEL"><Identifier>3000002744079</Identifier><Scope>TEL</Scope></IdentifierObject><IdentifierObject ContextLevel="RECORD" FieldSource="TEL" OrderIndex="56" PartyIdentifierType="TEL"><Identifier>1000016617480</Identifier><Scope>TEL</Scope></IdentifierObject><IdentifierObject ContextLevel="RECORD" FieldSource="TEL" OrderIndex="57" SpatialIdentifierType="TEL"><Identifier>1000011968781</Identifier><Scope>TEL</Scope></IdentifierObject><IllustrationsObject OrderIndex="35">NO_ILLUSTRATIONS</IllustrationsObject><SpatialEntityObject OrderIndex="47" SpatialRelation="PUBLICATION"><Identifiers><Identifier>CA</Identifier><Scope>ISO3166</Scope></Identifiers></SpatialEntityObject><NamedPlaceObject OrderIndex="45" SpatialRelation="PUBLICATION"><Identifiers><Identifier>1000011968781</Identifier><Scope>TEL</Scope></Identifiers><PlaceName>Candiac</PlaceName></NamedPlaceObject><PrintTypeObject OrderIndex="34">PRINTED</PrintTypeObject><ProvenanceObject OrderIndex="31"><CollectionId>a0232</CollectionId><ProviderId>P01214</ProviderId></ProvenanceObject><StatusObject OrderIndex="27">UPDATED</StatusObject><TextObject OrderIndex="51" TextRelation="EXTENT"><Content>294, [2] s. ;</Content></TextObject><TextObject OrderIndex="52" TextRelation="EXTENT"><Content>22 cm.</Content></TextObject><TextObject OrderIndex="53" TextRelation="DESCRIPTION"><Content>Bibliogr. s. 275-287. - Indeks.</Content></TextObject><OrganizationObject OrderIndex="46" PartyRelation="PUBLISHER"><PartyName>Éd. Balzac</PartyName></OrganizationObject><LanguageObject LanguageRelation="LANGUAGE_OF_CONTENT" OrderIndex="44">FRE</LanguageObject><ResourceTypeObject OrderIndex="33">TEXT</ResourceTypeObject><TopicObject OrderIndex="48"><TopicName>Semiotyka</TopicName></TopicObject><TopicObject OrderIndex="49"><GeneralSubdivision>teoria</GeneralSubdivision><TopicName>Teatr</TopicName></TopicObject><TopicObject OrderIndex="50"><GeneralSubdivision>teoria</GeneralSubdivision><TopicName>Dramat</TopicName></TopicObject><AudienceObject OrderIndex="38">UNKNOW</AudienceObject><InstantObject OrderIndex="29" TemporalRelation="OP_LOADED"><Time>1358943216000</Time><Granularity>SECOND</Granularity><Uncertain>false</Uncertain></InstantObject><InstantObject OrderIndex="43" TemporalRelation="PUBLICATION"><Time>694224000000</Time><Granularity>YEAR</Granularity><Uncertain>false</Uncertain></InstantObject><MetadataObject FieldSource="PROVIDER" Format="marc21" OrderIndex="32"><record xmlns="info:lc/xmlns/marcxchange-v1"><leader>01025nam a2200313 i 4500</leader><controlfield tag="001">b11527316</controlfield><controlfield tag="008">981002s1992    xxc          |001 0 fre d</controlfield><datafield ind1=" " ind2=" " tag="020"><subfield code="a">2921425149</subfield></datafield><datafield ind1=" " ind2=" " tag="040"><subfield code="a">WA N</subfield><subfield code="c">WA N</subfield></datafield><datafield ind1="1" ind2=" " tag="100"><subfield code="a">Kowzan, Tadeusz</subfield><subfield code="d">(1922- ).</subfield></datafield><datafield ind1="1" ind2="0" tag="245"><subfield code="a">Spectacle et signification /</subfield><subfield code="c">Tadeusz Kowzan.</subfield></datafield><datafield ind1=" " ind2=" " tag="260"><subfield code="a">Candiac :</subfield><subfield code="b">Éd. Balzac,</subfield><subfield code="c">1992.</subfield></datafield><datafield ind1=" " ind2=" " tag="300"><subfield code="a">294, [2] s. ;</subfield><subfield code="c">22 cm.</subfield></datafield><datafield ind1="1" ind2=" " tag="490"><subfield code="a">Collection L'Univers des Discours</subfield></datafield><datafield ind1=" " ind2=" " tag="504"><subfield code="a">Bibliogr. s. 275-287. - Indeks.</subfield></datafield><datafield ind1=" " ind2="4" tag="650"><subfield code="a">Semiotyka</subfield></datafield><datafield ind1=" " ind2="4" tag="650"><subfield code="a">Teatr</subfield><subfield code="x">teoria</subfield></datafield><datafield ind1=" " ind2="4" tag="655"><subfield code="a">Dramat</subfield><subfield code="x">teoria</subfield></datafield><datafield ind1=" " ind2="0" tag="830"><subfield code="a">Collection L'Univers des Discours</subfield></datafield><datafield ind1=" " ind2=" " tag="902"><subfield code="a">121219</subfield><subfield code="c">981005</subfield><subfield code="d">m</subfield><subfield code="e">a</subfield><subfield code="f">-</subfield><subfield code="g">0</subfield></datafield><datafield ind1=" " ind2=" " tag="907"><subfield code="b">bk   </subfield><subfield code="c">-</subfield></datafield><datafield ind1=" " ind2=" " tag="920"><subfield code="a">2-921425-14-9</subfield></datafield><datafield ind1=" " ind2=" " tag="960"><subfield code="a">II 2.732.629</subfield><subfield code="c">bk   </subfield><subfield code="d">30001013000569</subfield><subfield code="e">2.732.629</subfield><subfield code="f">2011.01.11</subfield><subfield code="g">Biblioteka Polska Paryż</subfield><subfield code="h">2011 w 2/6</subfield><subfield code="i">Z 150,00</subfield><subfield code="j">2011.02.16</subfield><subfield code="k">1</subfield><subfield code="l">-</subfield><subfield code="o">1</subfield></datafield><datafield ind1=" " ind2=" " tag="960"><subfield code="a">II 1.840.815 A</subfield><subfield code="c">bk   </subfield><subfield code="d">30001009531244</subfield><subfield code="h">1994 d 812/3</subfield><subfield code="i">Z 0,25</subfield><subfield code="k">1</subfield><subfield code="l">-</subfield><subfield code="o">0</subfield></datafield><datafield ind1=" " ind2=" " tag="996"><subfield code="a">.b11527316</subfield></datafield><datafield ind1=" " ind2=" " tag="998"><subfield code="a">ik</subfield><subfield code="a">o</subfield></datafield><datafield ind1=" " ind2=" " tag="999"><subfield code="a">JB</subfield><subfield code="b">js</subfield></datafield><datafield ind1=" " ind2=" " tag="999"><subfield code="a">wakl</subfield><subfield code="a">rodo</subfield></datafield><datafield ind1=" " ind2=" " tag="999"><subfield code="a">mb</subfield></datafield></record>