</MetadataObject><PersonObject OrderIndex="42" PartyRelation="CREATOR"><PartyName>Tadeusz Kowzan</PartyName><Identifiers><Identifier>1000016617480</Identifier><Scope>TEL</Scope></Identifiers><Identifiers><Identifier>3000002744079</Identifier><Scope>TEL</Scope></Identifiers><LifePeriod><Start><Time>-1514764800000</Time><Granularity>YEAR</Granularity><Uncertain>false</Uncertain></Start></LifePeriod><FirstNames>Tadeusz</FirstNames><Surname>Kowzan</Surname></PersonObject><LinkObject FieldSource="TEL" LinkTarget="CATALOGUE_RECORD" OrderIndex="54"><Url>http://alpha.bn.org.pl/record=b1152731*pol</Url><LinkStatus>NOT_CHECKED</LinkStatus></LinkObject></MetadataRecord>
<MetadataRecord xmlns="http://theeuropeanlibrary.org/internal_object_model" ID="2000048756298"><BibliographicLevelObject OrderIndex="39">MONOGRAPH</BibliographicLevelObject><CatalogingFormObject OrderIndex="38">ISBD</CatalogingFormObject><TitleObject OrderIndex="42" TitleType="MAIN"><Title>Jaurès en Europe orientale</Title></TitleObject><IdentifierObject IdentifierType="LOCAL_IDENTIFIER" OrderIndex="30"><Identifier>b11526865</Identifier></IdentifierObject><IdentifierObject IdentifierType="OAIPMH" OrderIndex="32"><Identifier>urn:theeuropeanlibrary.org:a0232:b11526865</Identifier></IdentifierObject><IdentifierObject IdentifierType="LOCAL_IDENTIFIER" OrderIndex="41"><Identifier>b11526865</Identifier><Scope>a0232</Scope></IdentifierObject><IdentifierObject ContextLevel="RECORD" FieldSource="TEL" OrderIndex="59" PartyIdentifierType="TEL"><Identifier>3000003187414</Identifier><Scope>TEL</Scope></IdentifierObject><IdentifierObject ContextLevel="RECORD" FieldSource="TEL" OrderIndex="60" PartyIdentifierType="TEL"><Identifier>3000002788527</Identifier><Scope>TEL</Scope></IdentifierObject><IdentifierObject ContextLevel="RECORD" FieldSource="TEL" OrderIndex="61" PartyIdentifierType="TEL"><Identifier>2000076814154</Identifier><Scope>TEL</Scope></IdentifierObject><IdentifierObject ContextLevel="RECORD" FieldSource="TEL" OrderIndex="62" PartyIdentifierType="TEL"><Identifier>1000017226469</Identifier><Scope>TEL</Scope></IdentifierObject><IdentifierObject ContextLevel="RECORD" FieldSource="TEL" OrderIndex="63" PartyIdentifierType="TEL"><Identifier>3000003506973</Identifier><Scope>TEL</Scope></IdentifierObject><IdentifierObject ContextLevel="RECORD" FieldSource="TEL" OrderIndex="64" PartyIdentifierType="TEL"><Identifier>1000017206447</Identifier><Scope>TEL</Scope></IdentifierObject><IdentifierObject ContextLevel="CONTENT" FieldSource="TEL" OrderIndex="65" PartyIdentifierType="TEL"><Identifier>1000022244288</Identifier><Scope>TEL</Scope></IdentifierObject><IdentifierObject ContextLevel="RECORD" FieldSource="TEL" OrderIndex="66" SpatialIdentifierType="TEL"><Identifier>1000005719149</Identifier><Scope>TEL</Scope></IdentifierObject><IdentifierObject ContextLevel="CONTENT" FieldSource="TEL" OrderIndex="67" SpatialIdentifierType="TEL"><Identifier>1000006114502</Identifier><Scope>TEL</Scope></IdentifierObject><IllustrationsObject OrderIndex="37">NO_ILLUSTRATIONS</IllustrationsObject><SpatialEntityObject OrderIndex="49" SpatialRelation="PUBLICATION"><Identifiers><Identifier>DE</Identifier><Scope>ISO3166</Scope></Identifiers></SpatialEntityObject><NamedPlaceObject OrderIndex="47" SpatialRelation="PUBLICATION"><Identifiers><Identifier>1000005719149</Identifier><Scope>TEL</Scope></Identifiers><PlaceName>Tübingen</PlaceName></NamedPlaceObject><PrintTypeObject OrderIndex="36">PRINTED</PrintTypeObject><ProvenanceObject OrderIndex="33"><CollectionId>a0232</CollectionId><ProviderId>P01214</ProviderId></ProvenanceObject><StatusObject OrderIndex="29">UPDATED</StatusObject><TextObject OrderIndex="53" TextRelation="EXTENT"><Content>S. 37-50 ;</Content></TextObject><TextObject OrderIndex="54" TextRelation="EXTENT"><Content>23 cm.</Content></TextObject><TextObject NoteType="GENERAL" OrderIndex="55" TextRelation="NOTE"><Content>Tyt. nagł.</Content></TextObject><TextObject NoteType="GENERAL" OrderIndex="56" TextRelation="NOTE"><Content>S.-Dr.: Jean Jaurès: Frankreich, Deutschland und die Zweite Internationale am Vorabend des Ersten Weltkrieges. - Tübingen : G. Narr Verl., [cop. 1989].</Content></TextObject><TextObject OrderIndex="57" TextRelation="DESCRIPTION"><Content>Zsfassung.</Content></TextObject><OrganizationObject OrderIndex="48" PartyRelation="PUBLISHER"><PartyName>G. Narr Verl.</PartyName></OrganizationObject><LanguageObject LanguageRelation="LANGUAGE_OF_CONTENT" OrderIndex="46">FRE</LanguageObject><ResourceTypeObject OrderIndex="35">TEXT</ResourceTypeObject><TopicObject OrderIndex="51"><GeneralSubdivision>historia</GeneralSubdivision><GeographicSubdivision><NamedPlace><PlaceName>Europa Środkowo-Wschodnia</PlaceName></NamedPlace></GeographicSubdivision><TopicName>Socjalizm</TopicName></TopicObject><TopicObject OrderIndex="52"><GeneralSubdivision>historia</GeneralSubdivision><GeographicSubdivision><NamedPlace><Identifiers><Identifier>1000006114502</Identifier><Scope>TEL</Scope></Identifiers><PlaceName>Francja</PlaceName></NamedPlace></GeographicSubdivision><TopicName>Socjalizm</TopicName></TopicObject><AudienceObject OrderIndex="40">UNKNOW</AudienceObject><InstantObject OrderIndex="31" TemporalRelation="OP_LOADED"><Time>1358943207000</Time><Granularity>SECOND</Granularity><Uncertain>false</Uncertain></InstantObject><InstantObject OrderIndex="45" TemporalRelation="PUBLICATION"><Time>599616000000</Time><Granularity>YEAR</Granularity><Uncertain>false</Uncertain></InstantObject><MetadataObject FieldSource="PROVIDER" Format="marc21" OrderIndex="34"><record xmlns="info:lc/xmlns/marcxchange-v1"><leader>01057nam a2200289 i 4500</leader><controlfield tag="001">b11526865</controlfield><controlfield tag="008">981002s1989    gw           |000 0 fre  </controlfield><datafield ind1=" " ind2=" " tag="040"><subfield code="a">WA N</subfield><subfield code="c">WA N</subfield></datafield><datafield ind1="0" ind2=" " tag="041"><subfield code="a">fre</subfield><subfield code="b">ger</subfield></datafield><datafield ind1="1" ind2=" " tag="100"><subfield code="a">Tych, Feliks</subfield><subfield code="d">(1929- ).</subfield></datafield><datafield ind1="1" ind2="0" tag="245"><subfield code="a">Jaurès en Europe orientale /</subfield><subfield code="c">Feliks Tych.</subfield></datafield><datafield ind1=" " ind2=" " tag="260"><subfield code="a">Tübingen :</subfield><subfield code="b">G. Narr Verl.,</subfield><subfield code="c">[1989].</subfield></datafield><datafield ind1=" " ind2=" " tag="300"><subfield code="a">S. 37-50 ;</subfield><subfield code="c">23 cm.</subfield></datafield><datafield ind1=" " ind2=" " tag="500"><subfield code="a">Tyt. nagł.</subfield></datafield><datafield ind1=" " ind2=" " tag="500"><subfield code="a">S.-Dr.: Jean Jaurès: Frankreich, Deutschland und die Zweite Internationale am Vorabend des Ersten Weltkrieges. - Tübingen : G. Narr Verl., [cop. 1989].</subfield></datafield><datafield ind1=" " ind2=" " tag="504"><subfield code="a">Zsfassung.</subfield></datafield><datafield ind1="1" ind2="4" tag="600"><subfield code="a">Jaurès, Jean</subfield><subfield code="d">(1859-1914)</subfield><subfield code="x">recepcja</subfield><subfield code="z">Europa Środkowo-Wschodnia</subfield></datafield><datafield ind1=" " ind2="4" tag="650"><subfield code="a">Socjalizm</subfield><subfield code="x">historia</subfield><subfield code="z">Europa Środkowo-Wschodnia</subfield></datafield><datafield ind1=" " ind2="4" tag="650"><subfield code="a">Socjalizm</subfield><subfield code="x">historia</subfield><subfield code="z">Francja</subfield></datafield><datafield ind1="1" ind2=" " tag="700"><subfield code="a">Brummert, Ulrike</subfield><subfield code="d">(1952- ).</subfield><subfield code="e">Wyd.</subfield></datafield><datafield ind1=" " ind2=" " tag="902"><subfield code="a">121211</subfield><subfield code="c">981005</subfield><subfield code="d">m</subfield><subfield code="e">a</subfield><subfield code="f">-</subfield><subfield code="g">0</subfield></datafield><datafield ind1=" " ind2=" " tag="907"><subfield code="b">bk   </subfield><subfield code="c">-</subfield></datafield><datafield ind1=" " ind2=" " tag="960"><subfield code="a">II 1.843.143 A</subfield><subfield code="c">bk   </subfield><subfield code="d">30001007506510</subfield><subfield code="h">1994 d 573/3</subfield><subfield code="i">Z 0,03</subfield><subfield code="k">1</subfield><subfield code="l">-</subfield><subfield code="o">0</subfield></datafield><datafield ind1=" " ind2=" " tag="996"><subfield code="a">.b11526865</subfield></datafield><datafield ind1=" " ind2=" " tag="998"><subfield code="a">ik</subfield><subfield code="a">o</subfield></datafield><datafield ind1=" " ind2=" " tag="999"><subfield code="a">ał</subfield><subfield code="b">js</subfield><subfield code="b">ae</subfield></datafield><datafield ind1=" " ind2=" " tag="999"><subfield code="a">sawi</subfield></datafield></record>