</MetadataObject><PersonObject OrderIndex="43" PartyRelation="CREATOR"><PartyName>Feliks Tych</PartyName><Identifiers><Identifier>1000017226469</Identifier><Scope>TEL</Scope></Identifiers><Identifiers><Identifier>3000003506973</Identifier><Scope>TEL</Scope></Identifiers><Identifiers><Identifier>3000003187414</Identifier><Scope>TEL</Scope></Identifiers><LifePeriod><Start><Time>-1293840000000</Time><Granularity>YEAR</Granularity><Uncertain>false</Uncertain></Start></LifePeriod><FirstNames>Feliks</FirstNames><Surname>Tych</Surname></PersonObject><PersonObject OrderIndex="44" PartyRelation="CONTRIBUTOR"><PartyName>Ulrike Brummert</PartyName><Identifiers><Identifier>2000076814154</Identifier><Scope>TEL</Scope></Identifiers><Identifiers><Identifier>3000002788527</Identifier><Scope>TEL</Scope></Identifiers><Identifiers><Identifier>1000017206447</Identifier><Scope>TEL</Scope></Identifiers><LifePeriod><Start><Time>-568080000000</Time><Granularity>YEAR</Granularity><Uncertain>false</Uncertain></Start></LifePeriod><FirstNames>Ulrike</FirstNames><Surname>Brummert</Surname></PersonObject><PersonObject OrderIndex="50" PartyRelation="SUBJECT"><PartyName>Jean Jaurès</PartyName><Identifiers><Identifier>1000022244288</Identifier><Scope>TEL</Scope></Identifiers><LifePeriod><Start><Time>-3502828800000</Time><Granularity>YEAR</Granularity><Uncertain>false</Uncertain></Start><End><Time>-1767225600000</Time><Granularity>YEAR</Granularity><Uncertain>false</Uncertain></End></LifePeriod><FirstNames>Jean</FirstNames><Surname>Jaurès</Surname></PersonObject><LinkObject FieldSource="TEL" LinkTarget="CATALOGUE_RECORD" OrderIndex="58"><Url>http://alpha.bn.org.pl/record=b1152686*pol</Url><LinkStatus>NOT_CHECKED</LinkStatus></LinkObject></MetadataRecord>
<MetadataRecord xmlns="http://theeuropeanlibrary.org/internal_object_model" ID="2000048756288"><BibliographicLevelObject OrderIndex="37">MONOGRAPH</BibliographicLevelObject><CatalogingFormObject OrderIndex="36">ISBD</CatalogingFormObject><TitleObject OrderIndex="41" TitleType="MAIN"><Title>Post-scriptum pour Miriam et Anna</Title></TitleObject><TitleObject OrderIndex="42" TitleType="ALTERNATIVE"><Title>Postscriptum</Title></TitleObject><IdentifierObject IdentifierType="LOCAL_IDENTIFIER" OrderIndex="28"><Identifier>b11526762</Identifier></IdentifierObject><IdentifierObject IdentifierType="OAIPMH" OrderIndex="30"><Identifier>urn:theeuropeanlibrary.org:a0232:b11526762</Identifier></IdentifierObject><IdentifierObject IdentifierType="LOCAL_IDENTIFIER" OrderIndex="39"><Identifier>b11526762</Identifier><Scope>a0232</Scope></IdentifierObject><IdentifierObject IdentifierType="ISBN" OrderIndex="40"><Identifier>2207240444</Identifier></IdentifierObject><IdentifierObject ContextLevel="RECORD" FieldSource="TEL" OrderIndex="55" PartyIdentifierType="TEL"><Identifier>1000017204229</Identifier><Scope>TEL</Scope></IdentifierObject><IdentifierObject ContextLevel="RECORD" FieldSource="TEL" OrderIndex="56" PartyIdentifierType="TEL"><Identifier>3000002904698</Identifier><Scope>TEL</Scope></IdentifierObject><IdentifierObject ContextLevel="RECORD" FieldSource="TEL" OrderIndex="57" SpatialIdentifierType="TEL"><Identifier>1000006057437</Identifier><Scope>TEL</Scope></IdentifierObject><IllustrationsObject OrderIndex="35">NO_ILLUSTRATIONS</IllustrationsObject><SpatialEntityObject OrderIndex="49" SpatialRelation="PUBLICATION"><Identifiers><Identifier>FR</Identifier><Scope>ISO3166</Scope></Identifiers></SpatialEntityObject><NamedPlaceObject OrderIndex="47" SpatialRelation="PUBLICATION"><Identifiers><Identifier>1000006057437</Identifier><Scope>TEL</Scope></Identifiers><PlaceName>Paris</PlaceName></NamedPlaceObject><PrintTypeObject OrderIndex="34">PRINTED</PrintTypeObject><ProvenanceObject OrderIndex="31"><CollectionId>a0232</CollectionId><ProviderId>P01214</ProviderId></ProvenanceObject><StatusObject OrderIndex="27">UPDATED</StatusObject><TextObject OrderIndex="51" TextRelation="EXTENT"><Content>208, [2] s. ;</Content></TextObject><TextObject OrderIndex="52" TextRelation="EXTENT"><Content>21 cm.</Content></TextObject><TextObject NoteType="EXTERNAL_INDEXES" OrderIndex="53" TextRelation="NOTE"><Content>BF 1993. nr 10-13091.</Content></TextObject><OrganizationObject OrderIndex="48" PartyRelation="PUBLISHER"><PartyName>Denoël</PartyName></OrganizationObject><LanguageObject LanguageRelation="LANGUAGE_OF_CONTENT" OrderIndex="46">FRE</LanguageObject><ResourceTypeObject OrderIndex="33">TEXT</ResourceTypeObject><TopicObject OrderIndex="50"><ChronologicalSubdivision><Instant><Time>-61536240000000</Time><Granularity>YEAR</Granularity><Uncertain>false</Uncertain></Instant></ChronologicalSubdivision><TopicName>Powieść polska</TopicName></TopicObject><AudienceObject OrderIndex="38">UNKNOW</AudienceObject><InstantObject OrderIndex="29" TemporalRelation="OP_LOADED"><Time>1358943214000</Time><Granularity>SECOND</Granularity><Uncertain>false</Uncertain></InstantObject><InstantObject OrderIndex="45" TemporalRelation="PUBLICATION"><Time>725846400000</Time><Granularity>YEAR</Granularity><Uncertain>false</Uncertain></InstantObject><MetadataObject FieldSource="PROVIDER" Format="marc21" OrderIndex="32"><record xmlns="info:lc/xmlns/marcxchange-v1"><leader>00875nam a2200289 i 4500</leader><controlfield tag="001">b11526762</controlfield><controlfield tag="008">981002s1993    fr           |000 f fre  </controlfield><datafield ind1=" " ind2=" " tag="020"><subfield code="a">2207240444</subfield></datafield><datafield ind1=" " ind2=" " tag="040"><subfield code="a">WA N</subfield><subfield code="c">WA N</subfield></datafield><datafield ind1="1" ind2=" " tag="041"><subfield code="a">fre</subfield><subfield code="h">pol</subfield></datafield><datafield ind1="1" ind2=" " tag="100"><subfield code="a">Nurowska, Maria</subfield><subfield code="d">(1944- ).</subfield></datafield><datafield ind1="1" ind2="0" tag="245"><subfield code="a">Post-scriptum pour Miriam et Anna /</subfield><subfield code="c">Maria Nurowska ; roman trad. du pol. par Laurence Dyevre.</subfield></datafield><datafield ind1="1" ind2=" " tag="246"><subfield code="i">Tyt. oryg.:</subfield><subfield code="a">Postscriptum</subfield></datafield><datafield ind1=" " ind2=" " tag="260"><subfield code="a">Paris :</subfield><subfield code="b">Denoël,</subfield><subfield code="c">1993.</subfield></datafield><datafield ind1=" " ind2=" " tag="300"><subfield code="a">208, [2] s. ;</subfield><subfield code="c">21 cm.</subfield></datafield><datafield ind1="1" ind2=" " tag="490"><subfield code="a">Empreinte</subfield></datafield><datafield ind1="4" ind2=" " tag="510"><subfield code="a">BF 1993</subfield><subfield code="c">nr 10-13091.</subfield></datafield><datafield ind1=" " ind2="4" tag="655"><subfield code="a">Powieść polska</subfield><subfield code="y">20 w.</subfield></datafield><datafield ind1="1" ind2=" " tag="700"><subfield code="a">Dyevre, Laurence.</subfield><subfield code="e">Tł.</subfield></datafield><datafield ind1=" " ind2="0" tag="830"><subfield code="a">Empreinte</subfield></datafield><datafield ind1=" " ind2=" " tag="902"><subfield code="a">121211</subfield><subfield code="c">981005</subfield><subfield code="d">m</subfield><subfield code="e">a</subfield><subfield code="f">-</subfield><subfield code="g">0</subfield></datafield><datafield ind1=" " ind2=" " tag="907"><subfield code="b">bk   </subfield><subfield code="c">-</subfield></datafield><datafield ind1=" " ind2=" " tag="920"><subfield code="a">2-207-24044-4</subfield></datafield><datafield ind1=" " ind2=" " tag="960"><subfield code="a">II 1.840.141 A</subfield><subfield code="c">bk   </subfield><subfield code="d">30001009333992</subfield><subfield code="h">1994 w 36/47</subfield><subfield code="i">Z 0,00</subfield><subfield code="l">-</subfield><subfield code="o">0</subfield></datafield><datafield ind1=" " ind2=" " tag="996"><subfield code="a">.b11526762</subfield></datafield><datafield ind1=" " ind2=" " tag="998"><subfield code="a">ik</subfield><subfield code="a">o</subfield></datafield><datafield ind1=" " ind2=" " tag="999"><subfield code="a">zlea</subfield></datafield></record>