</MetadataObject><PersonObject OrderIndex="43" PartyRelation="CREATOR"><PartyName>Maria Nurowska</PartyName><Identifiers><Identifier>1000017204229</Identifier><Scope>TEL</Scope></Identifiers><Identifiers><Identifier>3000002904698</Identifier><Scope>TEL</Scope></Identifiers><LifePeriod><Start><Time>-820544400000</Time><Granularity>YEAR</Granularity><Uncertain>false</Uncertain></Start></LifePeriod><FirstNames>Maria</FirstNames><Surname>Nurowska</Surname></PersonObject><PersonObject OrderIndex="44" PartyRelation="CONTRIBUTOR"><PartyName>Laurence. Dyevre</PartyName><FirstNames>Laurence.</FirstNames><Surname>Dyevre</Surname></PersonObject><LinkObject FieldSource="TEL" LinkTarget="CATALOGUE_RECORD" OrderIndex="54"><Url>http://alpha.bn.org.pl/record=b1152676*pol</Url><LinkStatus>NOT_CHECKED</LinkStatus></LinkObject></MetadataRecord>
<MetadataRecord xmlns="http://theeuropeanlibrary.org/internal_object_model" ID="2000048756311"><BibliographicLevelObject OrderIndex="41">MONOGRAPH</BibliographicLevelObject><CatalogingFormObject OrderIndex="40">ISBD</CatalogingFormObject><TitleObject OrderIndex="46" TitleType="MAIN"><Title>Jüdischer Widerstand im deutschbesetzten Osteuropa während des Zweiten Weltkrieges</Title></TitleObject><TitleObject OrderIndex="47" TitleType="ALTERNATIVE"><Title>Jewish resistance in nazi-occupied Eastern Europe</Title></TitleObject><IdentifierObject IdentifierType="LOCAL_IDENTIFIER" OrderIndex="32"><Identifier>b11526993</Identifier></IdentifierObject><IdentifierObject IdentifierType="OAIPMH" OrderIndex="34"><Identifier>urn:theeuropeanlibrary.org:a0232:b11526993</Identifier></IdentifierObject><IdentifierObject IdentifierType="LOCAL_IDENTIFIER" OrderIndex="43"><Identifier>b11526993</Identifier><Scope>a0232</Scope></IdentifierObject><IdentifierObject IdentifierType="ISBN" OrderIndex="44"><Identifier>381420459X</Identifier></IdentifierObject><IdentifierObject ContextLevel="RECORD" FieldSource="TEL" OrderIndex="63" PartyIdentifierType="TEL"><Identifier>1000016711772</Identifier><Scope>TEL</Scope></IdentifierObject><IdentifierObject ContextLevel="RECORD" FieldSource="TEL" OrderIndex="64" PartyIdentifierType="TEL"><Identifier>1000021472928</Identifier><Scope>TEL</Scope></IdentifierObject><IdentifierObject ContextLevel="RECORD" FieldSource="TEL" OrderIndex="65" PartyIdentifierType="TEL"><Identifier>1000003411991</Identifier><Scope>TEL</Scope></IdentifierObject><IdentifierObject ContextLevel="RECORD" FieldSource="TEL" OrderIndex="66" PartyIdentifierType="TEL"><Identifier>3000003134033</Identifier><Scope>TEL</Scope></IdentifierObject><IdentifierObject ContextLevel="RECORD" FieldSource="TEL" OrderIndex="67" SpatialIdentifierType="TEL"><Identifier>1000005793656</Identifier><Scope>TEL</Scope></IdentifierObject><IllustrationsObject OrderIndex="39">NO_ILLUSTRATIONS</IllustrationsObject><SpatialEntityObject OrderIndex="55" SpatialRelation="PUBLICATION"><Identifiers><Identifier>DE</Identifier><Scope>ISO3166</Scope></Identifiers></SpatialEntityObject><NamedPlaceObject OrderIndex="53" SpatialRelation="PUBLICATION"><Identifiers><Identifier>1000005793656</Identifier><Scope>TEL</Scope></Identifiers><PlaceName>Oldenburg</PlaceName></NamedPlaceObject><PrintTypeObject OrderIndex="38">PRINTED</PrintTypeObject><ProvenanceObject OrderIndex="35"><CollectionId>a0232</CollectionId><ProviderId>P01214</ProviderId></ProvenanceObject><StatusObject OrderIndex="31">UPDATED</StatusObject><TextObject OrderIndex="58" TextRelation="EXTENT"><Content>583 s. ;</Content></TextObject><TextObject OrderIndex="59" TextRelation="EXTENT"><Content>28 cm.</Content></TextObject><TextObject NoteType="GENERAL" OrderIndex="60" TextRelation="NOTE"><Content>Dotyczy m. in. Żydów polskich.</Content></TextObject><TextObject OrderIndex="61" TextRelation="DESCRIPTION"><Content>Bibliogr. s. 555-562. - Indeks.</Content></TextObject><OrganizationObject OrderIndex="54" PartyRelation="PUBLISHER"><PartyName>Bibliotheks- und Informationssystem der Univ. Oldenburg</PartyName></OrganizationObject><LanguageObject LanguageRelation="LANGUAGE_OF_CONTENT" OrderIndex="52">GER</LanguageObject><ResourceTypeObject OrderIndex="37">TEXT</ResourceTypeObject><TopicObject OrderIndex="56"><GeneralSubdivision>udział Żydów</GeneralSubdivision><TopicName>Ruch oporu</TopicName></TopicObject><TopicObject OrderIndex="57"><ChronologicalSubdivision><Instant><Time>-931050000000</Time><Granularity>MONTH</Granularity><Uncertain>false</Uncertain></Instant></ChronologicalSubdivision><GeographicSubdivision><NamedPlace><PlaceName>Europa Środkowo-Wschodnia</PlaceName></NamedPlace></GeographicSubdivision><TopicName>Żydzi</TopicName></TopicObject><AudienceObject OrderIndex="42">UNKNOW</AudienceObject><InstantObject OrderIndex="33" TemporalRelation="OP_LOADED"><Time>1358943215000</Time><Granularity>SECOND</Granularity><Uncertain>false</Uncertain></InstantObject><InstantObject OrderIndex="51" TemporalRelation="PUBLICATION"><Time>725846400000</Time><Granularity>YEAR</Granularity><Uncertain>false</Uncertain></InstantObject><MetadataObject FieldSource="PROVIDER" Format="marc21" OrderIndex="36"><record xmlns="info:lc/xmlns/marcxchange-v1"><leader>01588nam a2200361 i 4500</leader><controlfield tag="001">b11526993</controlfield><controlfield tag="008">981002s1993    gw           |001 0 ger d</controlfield><datafield ind1=" " ind2=" " tag="020"><subfield code="a">381420459X</subfield></datafield><datafield ind1=" " ind2=" " tag="040"><subfield code="a">WA N</subfield><subfield code="c">WA N</subfield></datafield><datafield ind1="1" ind2=" " tag="041"><subfield code="a">ger</subfield><subfield code="h">eng</subfield></datafield><datafield ind1="1" ind2=" " tag="100"><subfield code="a">Ainsztein, Reuben</subfield><subfield code="d">(1917-1981).</subfield></datafield><datafield ind1="1" ind2="0" tag="245"><subfield code="a">Jüdischer Widerstand im deutschbesetzten Osteuropa während des Zweiten Weltkrieges /</subfield><subfield code="c">Reuben Ainsztein ; [aus dem Engl. übertr. und bearb. von Jörg Paulsen ; unter Mitarb. von Karl-Heinz Emmler et al. ; hrsg. in Zsarb. mit der Arbeitsstelle "Nationalsozialismus und Zeitgeschichte" im Inst. für Politikwissenschaft II der Carl von Ossietzky Univ. Oldenburg].</subfield></datafield><datafield ind1="1" ind2=" " tag="246"><subfield code="i">Tyt. oryg.:</subfield><subfield code="a">Jewish resistance in nazi-occupied Eastern Europe</subfield></datafield><datafield ind1=" " ind2=" " tag="260"><subfield code="a">Oldenburg :</subfield><subfield code="b">Bibliotheks- und Informationssystem der Univ. Oldenburg,</subfield><subfield code="c">1993.</subfield></datafield><datafield ind1=" " ind2=" " tag="300"><subfield code="a">583 s. ;</subfield><subfield code="c">28 cm.</subfield></datafield><datafield ind1=" " ind2=" " tag="500"><subfield code="a">Dotyczy m. in. Żydów polskich.</subfield></datafield><datafield ind1=" " ind2=" " tag="504"><subfield code="a">Bibliogr. s. 555-562. - Indeks.</subfield></datafield><datafield ind1=" " ind2="4" tag="650"><subfield code="a">Ruch oporu</subfield><subfield code="x">udział Żydów</subfield></datafield><datafield ind1=" " ind2="4" tag="650"><subfield code="a">Żydzi</subfield><subfield code="z">Europa Środkowo-Wschodnia</subfield><subfield code="y">1939-1945 r.</subfield></datafield><datafield ind1="1" ind2=" " tag="700"><subfield code="a">Paulsen, Jörg.</subfield><subfield code="e">Tł.</subfield></datafield><datafield ind1="1" ind2=" " tag="700"><subfield code="a">Emmler, Karl-Heinz.</subfield><subfield code="e">Oprac.</subfield></datafield><datafield ind1="4" ind2="1" tag="856"><subfield code="u">http://www.polona.pl/dlibra/doccontent2?id=12838</subfield><subfield code="z">Reprodukcja cyfrowa w cBN Polona</subfield></datafield><datafield ind1=" " ind2=" " tag="902"><subfield code="a">121219</subfield><subfield code="c">981005</subfield><subfield code="d">m</subfield><subfield code="e">a</subfield><subfield code="f">-</subfield><subfield code="g">0</subfield></datafield><datafield ind1=" " ind2=" " tag="907"><subfield code="b">multi</subfield><subfield code="c">-</subfield></datafield><datafield ind1=" " ind2=" " tag="920"><subfield code="a">3-8142-0459-X</subfield></datafield><datafield ind1=" " ind2=" " tag="960"><subfield code="c">zdj  </subfield><subfield code="i">Z 0,00</subfield><subfield code="l">-</subfield><subfield code="o">24</subfield><subfield code="x">cbn-mjs</subfield></datafield><datafield ind1=" " ind2=" " tag="960"><subfield code="a">mf. 109635</subfield><subfield code="c">bamf </subfield><subfield code="i">Z 0,00</subfield><subfield code="l">-</subfield><subfield code="o">9</subfield></datafield><datafield ind1=" " ind2=" " tag="960"><subfield code="a">III 1.395.083 A</subfield><subfield code="c">bk   </subfield><subfield code="d">30001008172011</subfield><subfield code="h">1994 w 136</subfield><subfield code="i">Z 0,60</subfield><subfield code="k">1</subfield><subfield code="l">-</subfield><subfield code="o">0</subfield></datafield><datafield ind1=" " ind2=" " tag="996"><subfield code="a">.b11526993</subfield></datafield><datafield ind1=" " ind2=" " tag="998"><subfield code="a">ik</subfield><subfield code="a">o</subfield></datafield><datafield ind1=" " ind2=" " tag="999"><subfield code="a">AT</subfield><subfield code="b">js</subfield></datafield><datafield ind1=" " ind2=" " tag="999"><subfield code="a">anno</subfield></datafield><datafield ind1=" " ind2=" " tag="999"><subfield code="a">ae</subfield></datafield></record>