</MetadataObject><PersonObject OrderIndex="48" PartyRelation="CREATOR"><PartyName>Reuben Ainsztein</PartyName><Identifiers><Identifier>3000003134033</Identifier><Scope>TEL</Scope></Identifiers><Identifiers><Identifier>1000016711772</Identifier><Scope>TEL</Scope></Identifiers><Identifiers><Identifier>1000021472928</Identifier><Scope>TEL</Scope></Identifiers><LifePeriod><Start><Time>-1672531200000</Time><Granularity>YEAR</Granularity><Uncertain>false</Uncertain></Start><End><Time>347155200000</Time><Granularity>YEAR</Granularity><Uncertain>false</Uncertain></End></LifePeriod><FirstNames>Reuben</FirstNames><Surname>Ainsztein</Surname></PersonObject><PersonObject OrderIndex="49" PartyRelation="CONTRIBUTOR"><PartyName>Jörg. Paulsen</PartyName><FirstNames>Jörg.</FirstNames><Surname>Paulsen</Surname></PersonObject><PersonObject OrderIndex="50" PartyRelation="CONTRIBUTOR"><PartyName>Karl-Heinz. Emmler</PartyName><Identifiers><Identifier>1000003411991</Identifier><Scope>TEL</Scope></Identifiers><FirstNames>Karl-Heinz.</FirstNames><Surname>Emmler</Surname></PersonObject><LinkObject LinkTarget="DIGITAL_OBJECT" OrderIndex="45"><Url>http://www.polona.pl/dlibra/doccontent2?id=12838</Url><LinkStatus>NOT_CHECKED</LinkStatus></LinkObject><LinkObject FieldSource="TEL" LinkTarget="CATALOGUE_RECORD" OrderIndex="62"><Url>http://alpha.bn.org.pl/record=b1152699*pol</Url><LinkStatus>NOT_CHECKED</LinkStatus></LinkObject></MetadataRecord>
<MetadataRecord xmlns="http://theeuropeanlibrary.org/internal_object_model" ID="2000048756397"><BibliographicLevelObject OrderIndex="37">MONOGRAPH</BibliographicLevelObject><CatalogingFormObject OrderIndex="36">ISBD</CatalogingFormObject><TitleObject OrderIndex="40" TitleType="MAIN"><Title>Harcerstwo w Afryce 1941-1949</Title></TitleObject><IdentifierObject IdentifierType="LOCAL_IDENTIFIER" OrderIndex="27"><Identifier>b11527857</Identifier></IdentifierObject><IdentifierObject IdentifierType="OAIPMH" OrderIndex="29"><Identifier>urn:theeuropeanlibrary.org:a0232:b11527857</Identifier></IdentifierObject><IdentifierObject IdentifierType="LOCAL_IDENTIFIER" OrderIndex="39"><Identifier>b11527857</Identifier><Scope>a0232</Scope></IdentifierObject><IdentifierObject ContextLevel="RECORD" FieldSource="TEL" OrderIndex="53" PartyIdentifierType="TEL"><Identifier>1000021810450</Identifier><Scope>TEL</Scope></IdentifierObject><IdentifierObject ContextLevel="CONTENT" FieldSource="TEL" OrderIndex="54" PartyIdentifierType="TEL"><Identifier>2000078049325</Identifier><Scope>TEL</Scope></IdentifierObject><IdentifierObject ContextLevel="CONTENT" FieldSource="TEL" OrderIndex="55" PartyIdentifierType="TEL"><Identifier>1000020926107</Identifier><Scope>TEL</Scope></IdentifierObject><IdentifierObject ContextLevel="CONTENT" FieldSource="TEL" OrderIndex="56" PartyIdentifierType="TEL"><Identifier>1000021364447</Identifier><Scope>TEL</Scope></IdentifierObject><IdentifierObject ContextLevel="CONTENT" FieldSource="TEL" OrderIndex="57" PartyIdentifierType="TEL"><Identifier>1000021156427</Identifier><Scope>TEL</Scope></IdentifierObject><IdentifierObject ContextLevel="CONTENT" FieldSource="TEL" OrderIndex="58" PartyIdentifierType="TEL"><Identifier>1000021013532</Identifier><Scope>TEL</Scope></IdentifierObject><IdentifierObject ContextLevel="RECORD" FieldSource="TEL" OrderIndex="59" SpatialIdentifierType="TEL"><Identifier>1000005368670</Identifier><Scope>TEL</Scope></IdentifierObject><IllustrationsObject OrderIndex="34">ILLUSTRATIONS</IllustrationsObject><IllustrationsObject OrderIndex="35">NO_ILLUSTRATIONS</IllustrationsObject><SpatialEntityObject OrderIndex="46" SpatialRelation="PUBLICATION"><Identifiers><Identifier>GB</Identifier><Scope>ISO3166</Scope></Identifiers></SpatialEntityObject><NamedPlaceObject OrderIndex="44" SpatialRelation="PUBLICATION"><Identifiers><Identifier>1000005368670</Identifier><Scope>TEL</Scope></Identifiers><PlaceName>Londyn</PlaceName></NamedPlaceObject><PrintTypeObject OrderIndex="33">PRINTED</PrintTypeObject><ProvenanceObject OrderIndex="30"><CollectionId>a0232</CollectionId><ProviderId>P01214</ProviderId></ProvenanceObject><StatusObject OrderIndex="26">UPDATED</StatusObject><TextObject OrderIndex="49" TextRelation="FORMAT_UNCONTROLED"><Content>il. ;</Content></TextObject><TextObject OrderIndex="50" TextRelation="EXTENT"><Content>[2], IV, 125, [1] s. :</Content></TextObject><TextObject OrderIndex="51" TextRelation="EXTENT"><Content>22 cm.</Content></TextObject><OrganizationObject OrderIndex="45" PartyRelation="PUBLISHER"><PartyName>Harcerska Komisja Historyczna</PartyName></OrganizationObject><OrganizationObject OrderIndex="47" PartyRelation="SUBJECT"><PartyName>Związek Harcerstwa Polskiego na Wschodzie</PartyName><Identifiers><Identifier>1000021013532</Identifier><Scope>TEL</Scope></Identifiers><Identifiers><Identifier>1000021156427</Identifier><Scope>TEL</Scope></Identifiers><Identifiers><Identifier>1000021364447</Identifier><Scope>TEL</Scope></Identifiers><Identifiers><Identifier>1000020926107</Identifier><Scope>TEL</Scope></Identifiers><Identifiers><Identifier>2000078049325</Identifier><Scope>TEL</Scope></Identifiers><Subject/></OrganizationObject><LanguageObject LanguageRelation="LANGUAGE_OF_CONTENT" OrderIndex="43">POL</LanguageObject><ResourceTypeObject OrderIndex="32">TEXT</ResourceTypeObject><TopicObject OrderIndex="48"><ChronologicalSubdivision><Instant><Time>-61536240000000</Time><Granularity>YEAR</Granularity><Uncertain>false</Uncertain></Instant></ChronologicalSubdivision><GeographicSubdivision><NamedPlace><PlaceName>Afryka</PlaceName></NamedPlace></GeographicSubdivision><TopicName>Organizacje polonijne</TopicName></TopicObject><AudienceObject OrderIndex="38">UNKNOW</AudienceObject><InstantObject OrderIndex="28" TemporalRelation="OP_LOADED"><Time>1358943214000</Time><Granularity>SECOND</Granularity><Uncertain>false</Uncertain></InstantObject><InstantObject OrderIndex="42" TemporalRelation="PUBLICATION"><Time>473385600000</Time><Granularity>YEAR</Granularity><Uncertain>false</Uncertain></InstantObject><MetadataObject FieldSource="PROVIDER" Format="marc21" OrderIndex="31"><record xmlns="info:lc/xmlns/marcxchange-v1"><leader>00787nam a2200229 i 4500</leader><controlfield tag="001">b11527857</controlfield><controlfield tag="008">981002s1985    xxka         |000 0 pol  </controlfield><datafield ind1=" " ind2=" " tag="040"><subfield code="a">WA N</subfield><subfield code="c">WA N</subfield></datafield><datafield ind1="0" ind2="0" tag="245"><subfield code="a">Harcerstwo w Afryce 1941-1949 /</subfield><subfield code="c">oprac. B. M. Pancewicz.</subfield></datafield><datafield ind1=" " ind2=" " tag="260"><subfield code="a">Londyn :</subfield><subfield code="b">Harcerska Komisja Historyczna,</subfield><subfield code="c">1985.</subfield></datafield><datafield ind1=" " ind2=" " tag="300"><subfield code="a">[2], IV, 125, [1] s. :</subfield><subfield code="b">il. ;</subfield><subfield code="c">22 cm.</subfield></datafield><datafield ind1="2" ind2="4" tag="610"><subfield code="a">Związek Harcerstwa Polskiego na Wschodzie</subfield></datafield><datafield ind1=" " ind2="4" tag="650"><subfield code="a">Organizacje polonijne</subfield><subfield code="z">Afryka</subfield><subfield code="y">20 w.</subfield></datafield><datafield ind1="1" ind2=" " tag="700"><subfield code="a">Pancewicz, Bronisław M.</subfield><subfield code="e">Oprac.</subfield></datafield><datafield ind1=" " ind2=" " tag="902"><subfield code="a">121211</subfield><subfield code="c">981005</subfield><subfield code="d">m</subfield><subfield code="e">a</subfield><subfield code="f">-</subfield><subfield code="g">0</subfield></datafield><datafield ind1=" " ind2=" " tag="907"><subfield code="b">bk   </subfield><subfield code="c">-</subfield></datafield><datafield ind1=" " ind2=" " tag="960"><subfield code="a">II 1.331.676 A</subfield><subfield code="c">bk   </subfield><subfield code="h">1989 w 621/38</subfield><subfield code="i">Z 0,00</subfield><subfield code="l">-</subfield><subfield code="o">0</subfield></datafield><datafield ind1=" " ind2=" " tag="960"><subfield code="a">II 1.701.972</subfield><subfield code="c">bk   </subfield><subfield code="d">30001005169281</subfield><subfield code="h">1994 k 442/11</subfield><subfield code="i">Z 0,00</subfield><subfield code="l">-</subfield><subfield code="o">1</subfield></datafield><datafield ind1=" " ind2=" " tag="996"><subfield code="a">.b11527857</subfield></datafield><datafield ind1=" " ind2=" " tag="998"><subfield code="a">ik</subfield><subfield code="a">o</subfield></datafield><datafield ind1=" " ind2=" " tag="999"><subfield code="a">zlea</subfield></datafield><datafield ind1=" " ind2=" " tag="999"><subfield code="a">emal</subfield></datafield></record>