</MetadataObject><PersonObject OrderIndex="41" PartyRelation="CONTRIBUTOR"><PartyName>Bronisław M. Pancewicz</PartyName><Identifiers><Identifier>1000021810450</Identifier><Scope>TEL</Scope></Identifiers><FirstNames>Bronisław M.</FirstNames><Surname>Pancewicz</Surname></PersonObject><LinkObject FieldSource="TEL" LinkTarget="CATALOGUE_RECORD" OrderIndex="52"><Url>http://alpha.bn.org.pl/record=b1152785*pol</Url><LinkStatus>NOT_CHECKED</LinkStatus></LinkObject></MetadataRecord>
<MetadataRecord xmlns="http://theeuropeanlibrary.org/internal_object_model" ID="2000048756387"><BibliographicLevelObject OrderIndex="39">MONOGRAPH</BibliographicLevelObject><CatalogingFormObject OrderIndex="38">ISBD</CatalogingFormObject><TitleObject OrderIndex="42" TitleType="MAIN"><Title>Geschichte des Dorfes Lübzin in Pommern</Title></TitleObject><IdentifierObject IdentifierType="LOCAL_IDENTIFIER" OrderIndex="29"><Identifier>b11527754</Identifier></IdentifierObject><IdentifierObject IdentifierType="OAIPMH" OrderIndex="31"><Identifier>urn:theeuropeanlibrary.org:a0232:b11527754</Identifier></IdentifierObject><IdentifierObject IdentifierType="LOCAL_IDENTIFIER" OrderIndex="41"><Identifier>b11527754</Identifier><Scope>a0232</Scope></IdentifierObject><IdentifierObject ContextLevel="RECORD" FieldSource="TEL" OrderIndex="57" PartyIdentifierType="TEL"><Identifier>1000005680703</Identifier><Scope>TEL</Scope></IdentifierObject><IdentifierObject ContextLevel="RECORD" FieldSource="TEL" OrderIndex="58" PartyIdentifierType="TEL"><Identifier>2000076116006</Identifier><Scope>TEL</Scope></IdentifierObject><IdentifierObject ContextLevel="RECORD" FieldSource="TEL" OrderIndex="59" SpatialIdentifierType="TEL"><Identifier>1000005742736</Identifier><Scope>TEL</Scope></IdentifierObject><IdentifierObject ContextLevel="CONTENT" FieldSource="TEL" OrderIndex="60" SpatialIdentifierType="TEL"><Identifier>1000005921967</Identifier><Scope>TEL</Scope></IdentifierObject><IllustrationsObject OrderIndex="36">ILLUSTRATIONS</IllustrationsObject><IllustrationsObject OrderIndex="37">NO_ILLUSTRATIONS</IllustrationsObject><SpatialEntityObject OrderIndex="48" SpatialRelation="PUBLICATION"><Identifiers><Identifier>PL</Identifier><Scope>ISO3166</Scope></Identifiers></SpatialEntityObject><NamedPlaceObject OrderIndex="46" SpatialRelation="PUBLICATION"><Identifiers><Identifier>1000005742736</Identifier><Scope>TEL</Scope></Identifiers><PlaceName>Siegen</PlaceName></NamedPlaceObject><NamedPlaceObject OrderIndex="50" SpatialRelation="SUBJECT"><PlaceName>Lubczyna (woj. zachodniopomorskie)</PlaceName><Subject><GeneralSubdivision>historia</GeneralSubdivision></Subject></NamedPlaceObject><PrintTypeObject OrderIndex="35">PRINTED</PrintTypeObject><ProvenanceObject OrderIndex="32"><CollectionId>a0232</CollectionId><ProviderId>P01214</ProviderId></ProvenanceObject><StatusObject OrderIndex="28">UPDATED</StatusObject><TextObject OrderIndex="51" TextRelation="FORMAT_UNCONTROLED"><Content>mapy, plany, rys. ;</Content></TextObject><TextObject OrderIndex="52" TextRelation="EXTENT"><Content>[6], 214 s. :</Content></TextObject><TextObject OrderIndex="53" TextRelation="EXTENT"><Content>21 cm.</Content></TextObject><TextObject NoteType="GENERAL" OrderIndex="54" TextRelation="NOTE"><Content>Dotyczy Lubczyny.</Content></TextObject><TextObject OrderIndex="55" TextRelation="DESCRIPTION"><Content>Bibliogr. s. 209-213.</Content></TextObject><OrganizationObject OrderIndex="47" PartyRelation="PUBLISHER"><PartyName>J. G. Herder-Bibliothek Siegerland e. V.</PartyName></OrganizationObject><LanguageObject LanguageRelation="LANGUAGE_OF_CONTENT" OrderIndex="45">GER</LanguageObject><ResourceTypeObject OrderIndex="34">TEXT</ResourceTypeObject><TopicObject OrderIndex="49"><GeographicSubdivision><NamedPlace><Identifiers><Identifier>1000005921967</Identifier><Scope>TEL</Scope></Identifiers><PlaceName>Niemcy</PlaceName></NamedPlace></GeographicSubdivision><TopicName>Kościół ewangelicko-augsburski</TopicName></TopicObject><AudienceObject OrderIndex="40">UNKNOW</AudienceObject><InstantObject OrderIndex="30" TemporalRelation="OP_LOADED"><Time>1358943216000</Time><Granularity>SECOND</Granularity><Uncertain>false</Uncertain></InstantObject><InstantObject OrderIndex="44" TemporalRelation="PUBLICATION"><Time>536457600000</Time><Granularity>YEAR</Granularity><Uncertain>false</Uncertain></InstantObject><MetadataObject FieldSource="PROVIDER" Format="marc21" OrderIndex="33"><record xmlns="info:lc/xmlns/marcxchange-v1"><leader>00997nam a2200277 i 4500</leader><controlfield tag="001">b11527754</controlfield><controlfield tag="008">981002s1987    pl a         |000 0 ger  </controlfield><datafield ind1=" " ind2=" " tag="040"><subfield code="a">WA N</subfield><subfield code="c">WA N</subfield></datafield><datafield ind1="1" ind2=" " tag="100"><subfield code="a">Konow, Karl-Otto.</subfield></datafield><datafield ind1="1" ind2="0" tag="245"><subfield code="a">Geschichte des Dorfes Lübzin in Pommern /</subfield><subfield code="c">Karl-Otto Konow.</subfield></datafield><datafield ind1=" " ind2=" " tag="260"><subfield code="a">Siegen :</subfield><subfield code="b">J. G. Herder-Bibliothek Siegerland e. V.,</subfield><subfield code="c">1987.</subfield></datafield><datafield ind1=" " ind2=" " tag="300"><subfield code="a">[6], 214 s. :</subfield><subfield code="b">mapy, plany, rys. ;</subfield><subfield code="c">21 cm.</subfield></datafield><datafield ind1="1" ind2=" " tag="490"><subfield code="a">Schriften der J. G. Herder-Bibliothek Siegerland e. V. ;</subfield><subfield code="v">Bd. 18</subfield></datafield><datafield ind1=" " ind2=" " tag="500"><subfield code="a">Dotyczy Lubczyny.</subfield></datafield><datafield ind1=" " ind2=" " tag="504"><subfield code="a">Bibliogr. s. 209-213.</subfield></datafield><datafield ind1=" " ind2="4" tag="650"><subfield code="a">Kościół ewangelicko-augsburski</subfield><subfield code="z">Niemcy</subfield></datafield><datafield ind1=" " ind2="4" tag="651"><subfield code="a">Lubczyna (woj. zachodniopomorskie)</subfield><subfield code="x">historia</subfield></datafield><datafield ind1=" " ind2="0" tag="830"><subfield code="a">Schriften der J. G. Herder-Bibliothek Siegerland e. V. ;</subfield><subfield code="v">Bd. 18</subfield></datafield><datafield ind1=" " ind2=" " tag="902"><subfield code="a">121211</subfield><subfield code="c">981005</subfield><subfield code="d">m</subfield><subfield code="e">a</subfield><subfield code="f">-</subfield><subfield code="g">0</subfield></datafield><datafield ind1=" " ind2=" " tag="907"><subfield code="b">bk   </subfield><subfield code="c">-</subfield></datafield><datafield ind1=" " ind2=" " tag="960"><subfield code="a">II 1.841.480 A</subfield><subfield code="c">bk   </subfield><subfield code="d">30001009544404</subfield><subfield code="h">1994 k 436/3</subfield><subfield code="i">Z 0,12</subfield><subfield code="k">1</subfield><subfield code="l">-</subfield><subfield code="o">0</subfield></datafield><datafield ind1=" " ind2=" " tag="996"><subfield code="a">.b11527754</subfield></datafield><datafield ind1=" " ind2=" " tag="998"><subfield code="a">ik</subfield><subfield code="a">o</subfield></datafield><datafield ind1=" " ind2=" " tag="999"><subfield code="a">AT</subfield><subfield code="b">js</subfield></datafield><datafield ind1=" " ind2=" " tag="999"><subfield code="a">wakl</subfield><subfield code="a">anku</subfield></datafield><datafield ind1=" " ind2=" " tag="999"><subfield code="a">ae</subfield></datafield></record>