</MetadataObject><PersonObject OrderIndex="42" PartyRelation="CREATOR"><PartyName>Marian Hemar</PartyName><Identifiers><Identifier>1000014752333</Identifier><Scope>TEL</Scope></Identifiers><Identifiers><Identifier>1000017178044</Identifier><Scope>TEL</Scope></Identifiers><Identifiers><Identifier>2000074666493</Identifier><Scope>TEL</Scope></Identifiers><LifePeriod><Start><Time>-2177452800000</Time><Granularity>YEAR</Granularity><Uncertain>false</Uncertain></Start><End><Time>63072000000</Time><Granularity>YEAR</Granularity><Uncertain>false</Uncertain></End></LifePeriod><FirstNames>Marian</FirstNames><Surname>Hemar</Surname></PersonObject><LinkObject FieldSource="TEL" LinkTarget="CATALOGUE_RECORD" OrderIndex="52"><Url>http://alpha.bn.org.pl/record=b1152798*pol</Url><LinkStatus>NOT_CHECKED</LinkStatus></LinkObject></MetadataRecord>
<MetadataRecord xmlns="http://theeuropeanlibrary.org/internal_object_model" ID="2000048756367"><BibliographicLevelObject OrderIndex="34">MONOGRAPH</BibliographicLevelObject><CatalogingFormObject OrderIndex="33">ISBD</CatalogingFormObject><TitleObject OrderIndex="37" TitleType="MAIN"><Title>Z generałem Sosnkowskim</Title><SubTitle>(dzieje XI Dywizji)</SubTitle></TitleObject><IdentifierObject IdentifierType="LOCAL_IDENTIFIER" OrderIndex="25"><Identifier>b11527559</Identifier></IdentifierObject><IdentifierObject IdentifierType="OAIPMH" OrderIndex="27"><Identifier>urn:theeuropeanlibrary.org:a0232:b11527559</Identifier></IdentifierObject><IdentifierObject IdentifierType="LOCAL_IDENTIFIER" OrderIndex="36"><Identifier>b11527559</Identifier><Scope>a0232</Scope></IdentifierObject><IdentifierObject ContextLevel="RECORD" FieldSource="TEL" OrderIndex="49" PartyIdentifierType="TEL"><Identifier>1000022245298</Identifier><Scope>TEL</Scope></IdentifierObject><IdentifierObject ContextLevel="RECORD" FieldSource="TEL" OrderIndex="50" SpatialIdentifierType="TEL"><Identifier>1000001441062</Identifier><Scope>TEL</Scope></IdentifierObject><IllustrationsObject OrderIndex="32">NO_ILLUSTRATIONS</IllustrationsObject><SpatialEntityObject OrderIndex="43" SpatialRelation="PUBLICATION"><Identifiers><Identifier>RO</Identifier><Scope>ISO3166</Scope></Identifiers></SpatialEntityObject><NamedPlaceObject OrderIndex="41" SpatialRelation="PUBLICATION"><Identifiers><Identifier>1000001441062</Identifier><Scope>TEL</Scope></Identifiers><PlaceName>Bukareszt</PlaceName></NamedPlaceObject><PrintTypeObject OrderIndex="31">PRINTED</PrintTypeObject><ProvenanceObject OrderIndex="28"><CollectionId>a0232</CollectionId><ProviderId>P01214</ProviderId></ProvenanceObject><StatusObject OrderIndex="24">UPDATED</StatusObject><TextObject OrderIndex="46" TextRelation="EXTENT"><Content>30 s. ;</Content></TextObject><TextObject OrderIndex="47" TextRelation="EXTENT"><Content>18 cm.</Content></TextObject><OrganizationObject OrderIndex="42" PartyRelation="PUBLISHER"><PartyName>Amer. Kom. Pomocy Polakom</PartyName></OrganizationObject><LanguageObject LanguageRelation="LANGUAGE_OF_CONTENT" OrderIndex="40">POL</LanguageObject><ResourceTypeObject OrderIndex="30">TEXT</ResourceTypeObject><TopicObject OrderIndex="44"><GeneralSubdivision>jednostki wojskowe</GeneralSubdivision><TopicName>Kampania wrześniowa</TopicName></TopicObject><TopicObject OrderIndex="45"><ChronologicalSubdivision><Instant><Time>-931050000000</Time><Granularity>MONTH</Granularity><Uncertain>false</Uncertain></Instant></ChronologicalSubdivision><GeographicSubdivision><NamedPlace><PlaceName>Polska</PlaceName></NamedPlace></GeographicSubdivision><TopicName>Wojsko</TopicName></TopicObject><AudienceObject OrderIndex="35">UNKNOW</AudienceObject><InstantObject OrderIndex="26" TemporalRelation="OP_LOADED"><Time>1358943215000</Time><Granularity>SECOND</Granularity><Uncertain>false</Uncertain></InstantObject><InstantObject OrderIndex="39" TemporalRelation="PUBLICATION"><Time>-946771200000</Time><Granularity>YEAR</Granularity><Uncertain>false</Uncertain></InstantObject><MetadataObject FieldSource="PROVIDER" Format="marc21" OrderIndex="29"><record xmlns="info:lc/xmlns/marcxchange-v1"><leader>00753nam a2200229 i 4500</leader><controlfield tag="001">b11527559</controlfield><controlfield tag="008">981002s1940    rm           |000 0 pol  </controlfield><datafield ind1=" " ind2=" " tag="040"><subfield code="a">WA N</subfield><subfield code="c">WA N</subfield></datafield><datafield ind1="1" ind2=" " tag="100"><subfield code="a">Wańkowicz, Melchior</subfield><subfield code="d">(1892-1974).</subfield></datafield><datafield ind1="1" ind2="0" tag="245"><subfield code="a">Z generałem Sosnkowskim :</subfield><subfield code="b">(dzieje XI Dywizji).</subfield></datafield><datafield ind1=" " ind2=" " tag="260"><subfield code="a">Bukareszt :</subfield><subfield code="b">Amer. Kom. Pomocy Polakom,</subfield><subfield code="c">1940.</subfield></datafield><datafield ind1=" " ind2=" " tag="300"><subfield code="a">30 s. ;</subfield><subfield code="c">18 cm.</subfield></datafield><datafield ind1=" " ind2="4" tag="650"><subfield code="a">Kampania wrześniowa</subfield><subfield code="x">jednostki wojskowe</subfield></datafield><datafield ind1=" " ind2="4" tag="650"><subfield code="a">Wojsko</subfield><subfield code="z">Polska</subfield><subfield code="y">1939-1945 r.</subfield></datafield><datafield ind1=" " ind2=" " tag="902"><subfield code="a">121211</subfield><subfield code="c">981005</subfield><subfield code="d">m</subfield><subfield code="e">a</subfield><subfield code="f">-</subfield><subfield code="g">0</subfield></datafield><datafield ind1=" " ind2=" " tag="907"><subfield code="b">bk   </subfield><subfield code="c">-</subfield></datafield><datafield ind1=" " ind2=" " tag="960"><subfield code="a">I 1.474.532 A</subfield><subfield code="c">bk   </subfield><subfield code="h">1994 k 1045/142</subfield><subfield code="i">Z 0,34</subfield><subfield code="k">1</subfield><subfield code="l">-</subfield><subfield code="o">0</subfield></datafield><datafield ind1=" " ind2=" " tag="960"><subfield code="a">I 169.070</subfield><subfield code="c">bk   </subfield><subfield code="d">30001003162817</subfield><subfield code="h">1947 k 57/7</subfield><subfield code="i">Z 0,00</subfield><subfield code="l">-</subfield><subfield code="o">1</subfield></datafield><datafield ind1=" " ind2=" " tag="996"><subfield code="a">.b11527559</subfield></datafield><datafield ind1=" " ind2=" " tag="998"><subfield code="a">ik</subfield><subfield code="a">o</subfield></datafield><datafield ind1=" " ind2=" " tag="999"><subfield code="a">AT</subfield><subfield code="b">js</subfield><subfield code="b">ae</subfield></datafield><datafield ind1=" " ind2=" " tag="999"><subfield code="a">anno</subfield></datafield></record>