</MetadataObject><PersonObject OrderIndex="38" PartyRelation="CREATOR"><PartyName>Melchior Wańkowicz</PartyName><Identifiers><Identifier>1000022245298</Identifier><Scope>TEL</Scope></Identifiers><LifePeriod><Start><Time>-2461449600000</Time><Granularity>YEAR</Granularity><Uncertain>false</Uncertain></Start><End><Time>126230400000</Time><Granularity>YEAR</Granularity><Uncertain>false</Uncertain></End></LifePeriod><FirstNames>Melchior</FirstNames><Surname>Wańkowicz</Surname></PersonObject><LinkObject FieldSource="TEL" LinkTarget="CATALOGUE_RECORD" OrderIndex="48"><Url>http://alpha.bn.org.pl/record=b1152755*pol</Url><LinkStatus>NOT_CHECKED</LinkStatus></LinkObject></MetadataRecord>
<MetadataRecord xmlns="http://theeuropeanlibrary.org/internal_object_model" ID="2000048756354"><BibliographicLevelObject OrderIndex="35">MONOGRAPH</BibliographicLevelObject><CatalogingFormObject OrderIndex="34">ISBD</CatalogingFormObject><TitleObject OrderIndex="38" TitleType="MAIN"><Title>Stanislai Ilovii De laudibus iurisprudentiae oratio (Bononiae 1565)</Title></TitleObject><IdentifierObject IdentifierType="LOCAL_IDENTIFIER" OrderIndex="26"><Identifier>b11527420</Identifier></IdentifierObject><IdentifierObject IdentifierType="OAIPMH" OrderIndex="28"><Identifier>urn:theeuropeanlibrary.org:a0232:b11527420</Identifier></IdentifierObject><IdentifierObject IdentifierType="LOCAL_IDENTIFIER" OrderIndex="37"><Identifier>b11527420</Identifier><Scope>a0232</Scope></IdentifierObject><IdentifierObject ContextLevel="RECORD" FieldSource="TEL" OrderIndex="51" SpatialIdentifierType="TEL"><Identifier>1000006443474</Identifier><Scope>TEL</Scope></IdentifierObject><IllustrationsObject OrderIndex="33">NO_ILLUSTRATIONS</IllustrationsObject><SpatialEntityObject OrderIndex="44" SpatialRelation="PUBLICATION"><Identifiers><Identifier>IT</Identifier><Scope>ISO3166</Scope></Identifiers></SpatialEntityObject><NamedPlaceObject OrderIndex="42" SpatialRelation="PUBLICATION"><Identifiers><Identifier>1000006443474</Identifier><Scope>TEL</Scope></Identifiers><PlaceName>Bologna</PlaceName></NamedPlaceObject><PrintTypeObject OrderIndex="32">PRINTED</PrintTypeObject><ProvenanceObject OrderIndex="29"><CollectionId>a0232</CollectionId><ProviderId>P01214</ProviderId></ProvenanceObject><StatusObject OrderIndex="25">UPDATED</StatusObject><TextObject OrderIndex="47" TextRelation="EXTENT"><Content>[3], 46, [2] s. ;</Content></TextObject><TextObject OrderIndex="48" TextRelation="EXTENT"><Content>21 cm.</Content></TextObject><TextObject NoteType="GENERAL" OrderIndex="49" TextRelation="NOTE"><Content>Faksymile.</Content></TextObject><OrganizationObject OrderIndex="43" PartyRelation="PUBLISHER"><PartyName>Univ. degli Studi di Bologna</PartyName></OrganizationObject><LanguageObject LanguageRelation="LANGUAGE_OF_CONTENT" OrderIndex="41">LAT</LanguageObject><ResourceTypeObject OrderIndex="31">TEXT</ResourceTypeObject><TopicObject OrderIndex="45"><GeneralSubdivision>teoria</GeneralSubdivision><ChronologicalSubdivision><Instant><Time>-61662470400000</Time><Granularity>YEAR</Granularity><Uncertain>false</Uncertain></Instant></ChronologicalSubdivision><TopicName>Prawo</TopicName></TopicObject><TopicObject OrderIndex="46"><GeneralSubdivision>a prawo</GeneralSubdivision><TopicName>Duchowieństwo katolickie</TopicName></TopicObject><AudienceObject OrderIndex="36">UNKNOW</AudienceObject><InstantObject OrderIndex="27" TemporalRelation="OP_LOADED"><Time>1358943207000</Time><Granularity>SECOND</Granularity><Uncertain>false</Uncertain></InstantObject><InstantObject OrderIndex="40" TemporalRelation="PUBLICATION"><Time>315532800000</Time><Granularity>YEAR</Granularity><Uncertain>false</Uncertain></InstantObject><MetadataObject FieldSource="PROVIDER" Format="marc21" OrderIndex="30"><record xmlns="info:lc/xmlns/marcxchange-v1"><leader>01089nam a2200289 i 4500</leader><controlfield tag="001">b11527420</controlfield><controlfield tag="008">981002s1980    it           |000 0 lat  </controlfield><datafield ind1=" " ind2=" " tag="040"><subfield code="a">WA N</subfield><subfield code="c">WA N</subfield></datafield><datafield ind1="1" ind2=" " tag="100"><subfield code="a">Iłowski, Stanisław</subfield><subfield code="d">(?-1589).</subfield></datafield><datafield ind1="1" ind2="0" tag="245"><subfield code="a">Stanislai Ilovii De laudibus iurisprudentiae oratio (Bononiae 1565).</subfield></datafield><datafield ind1=" " ind2=" " tag="260"><subfield code="a">Bologna :</subfield><subfield code="b">Univ. degli Studi di Bologna,</subfield><subfield code="c">1980.</subfield></datafield><datafield ind1=" " ind2=" " tag="300"><subfield code="a">[3], 46, [2] s. ;</subfield><subfield code="c">21 cm.</subfield></datafield><datafield ind1="1" ind2=" " tag="490"><subfield code="a">Accademia Adamo Mickiewicz di Storia e Letteratura Polacca e Slava. Studi, Testi, Ristampe ;</subfield><subfield code="v">3</subfield></datafield><datafield ind1=" " ind2=" " tag="500"><subfield code="a">Faksymile.</subfield></datafield><datafield ind1=" " ind2="4" tag="650"><subfield code="a">Prawo</subfield><subfield code="x">teoria</subfield><subfield code="y">16 w.</subfield></datafield><datafield ind1=" " ind2="4" tag="650"><subfield code="a">Duchowieństwo katolickie</subfield><subfield code="x">a prawo</subfield></datafield><datafield ind1=" " ind2="0" tag="830"><subfield code="a">Accademia Adamo Mickiewicz di Storia e Letteratura Polacca e Slava.</subfield><subfield code="p">Studi, Testi, Ristampe ;</subfield><subfield code="v">3</subfield></datafield><datafield ind1=" " ind2=" " tag="902"><subfield code="a">121219</subfield><subfield code="c">981005</subfield><subfield code="d">m</subfield><subfield code="e">a</subfield><subfield code="f">-</subfield><subfield code="g">0</subfield></datafield><datafield ind1=" " ind2=" " tag="907"><subfield code="b">multi</subfield><subfield code="c">-</subfield></datafield><datafield ind1=" " ind2=" " tag="960"><subfield code="a">II 1.134.876</subfield><subfield code="c">bk   </subfield><subfield code="h">1994 d 213/4</subfield><subfield code="i">Z 0,00</subfield><subfield code="l">-</subfield><subfield code="o">1</subfield></datafield><datafield ind1=" " ind2=" " tag="960"><subfield code="a">II 1.269.912 A</subfield><subfield code="c">bk   </subfield><subfield code="h">1980 d 633</subfield><subfield code="i">Z 0,00</subfield><subfield code="l">-</subfield><subfield code="o">0</subfield></datafield><datafield ind1=" " ind2=" " tag="960"><subfield code="a">KW 30.548</subfield><subfield code="c">e2   </subfield><subfield code="h">1994 d 583</subfield><subfield code="i">Z 0,06</subfield><subfield code="k">1</subfield><subfield code="l">p</subfield><subfield code="o">1</subfield></datafield><datafield ind1=" " ind2=" " tag="996"><subfield code="a">.b11527420</subfield></datafield><datafield ind1=" " ind2=" " tag="998"><subfield code="a">ik</subfield><subfield code="a">o</subfield></datafield><datafield ind1=" " ind2=" " tag="999"><subfield code="a">zlea</subfield><subfield code="b">js</subfield></datafield><datafield ind1=" " ind2=" " tag="999"><subfield code="a">hepi</subfield><subfield code="a">rodo</subfield></datafield><datafield ind1=" " ind2=" " tag="999"><subfield code="a">ae</subfield><subfield code="b">ae</subfield></datafield></record>