</MetadataObject><PersonObject OrderIndex="46" PartyRelation="CREATOR"><PartyName>Krzysztof Kieślowski</PartyName><LifePeriod><Start><Time>-915152400000</Time><Granularity>YEAR</Granularity><Uncertain>false</Uncertain></Start><End><Time>820454400000</Time><Granularity>YEAR</Granularity><Uncertain>false</Uncertain></End></LifePeriod><FirstNames>Krzysztof</FirstNames><Surname>Kieślowski</Surname></PersonObject><PersonObject OrderIndex="47" PartyRelation="CONTRIBUTOR"><PartyName>Krzysztof Piesiewicz</PartyName><Identifiers><Identifier>2000076875188</Identifier><Scope>TEL</Scope></Identifiers><Identifiers><Identifier>1000015700691</Identifier><Scope>TEL</Scope></Identifiers><Identifiers><Identifier>1000022232944</Identifier><Scope>TEL</Scope></Identifiers><LifePeriod><Start><Time>-788922000000</Time><Granularity>YEAR</Granularity><Uncertain>false</Uncertain></Start></LifePeriod><FirstNames>Krzysztof</FirstNames><Surname>Piesiewicz</Surname></PersonObject><PersonObject OrderIndex="48" PartyRelation="CONTRIBUTOR"><PartyName>Małgorzata Smorąg-Goldberg</PartyName><LifePeriod><Start><Time>-283996800000</Time><Granularity>YEAR</Granularity><Uncertain>false</Uncertain></Start></LifePeriod><FirstNames>Małgorzata</FirstNames><Surname>Smorąg-Goldberg</Surname></PersonObject><PersonObject OrderIndex="49" PartyRelation="CONTRIBUTOR"><PartyName>Beata. Canes-Boussard</PartyName><Identifiers><Identifier>1000000257418</Identifier><Scope>TEL</Scope></Identifiers><Identifiers><Identifier>2000072521644</Identifier><Scope>TEL</Scope></Identifiers><FirstNames>Beata.</FirstNames><Surname>Canes-Boussard</Surname></PersonObject><LinkObject FieldSource="TEL" LinkTarget="CATALOGUE_RECORD" OrderIndex="58"><Url>http://alpha.bn.org.pl/record=b1152764*pol</Url><LinkStatus>NOT_CHECKED</LinkStatus></LinkObject></MetadataRecord>
<MetadataRecord xmlns="http://theeuropeanlibrary.org/internal_object_model" ID="2000048756463"><BibliographicLevelObject OrderIndex="40">MONOGRAPH</BibliographicLevelObject><CatalogingFormObject OrderIndex="39">ISBD</CatalogingFormObject><TitleObject OrderIndex="44" TitleType="MAIN"><Title>Foreign investment in Eastern Europe</Title></TitleObject><IdentifierObject IdentifierType="LOCAL_IDENTIFIER" OrderIndex="30"><Identifier>b11528539</Identifier></IdentifierObject><IdentifierObject IdentifierType="OAIPMH" OrderIndex="32"><Identifier>urn:theeuropeanlibrary.org:a0232:b11528539</Identifier></IdentifierObject><IdentifierObject IdentifierType="LOCAL_IDENTIFIER" OrderIndex="42"><Identifier>b11528539</Identifier><Scope>a0232</Scope></IdentifierObject><IdentifierObject IdentifierType="ISBN" OrderIndex="43"><Identifier>0415056888</Identifier></IdentifierObject><IdentifierObject ContextLevel="RECORD" FieldSource="TEL" OrderIndex="59" PartyIdentifierType="TEL"><Identifier>3000004106147</Identifier><Scope>TEL</Scope></IdentifierObject><IdentifierObject ContextLevel="RECORD" FieldSource="TEL" OrderIndex="60" PartyIdentifierType="TEL"><Identifier>2000073600544</Identifier><Scope>TEL</Scope></IdentifierObject><IdentifierObject ContextLevel="RECORD" FieldSource="TEL" OrderIndex="61" PartyIdentifierType="TEL"><Identifier>1000017226480</Identifier><Scope>TEL</Scope></IdentifierObject><IdentifierObject ContextLevel="RECORD" FieldSource="TEL" OrderIndex="62" PartyIdentifierType="TEL"><Identifier>2000073275984</Identifier><Scope>TEL</Scope></IdentifierObject><IdentifierObject ContextLevel="RECORD" FieldSource="TEL" OrderIndex="63" PartyIdentifierType="TEL"><Identifier>1000022296988</Identifier><Scope>TEL</Scope></IdentifierObject><IdentifierObject ContextLevel="RECORD" FieldSource="TEL" OrderIndex="64" PartyIdentifierType="TEL"><Identifier>2000072272363</Identifier><Scope>TEL</Scope></IdentifierObject><IdentifierObject ContextLevel="RECORD" FieldSource="TEL" OrderIndex="65" SpatialIdentifierType="TEL"><Identifier>1000005368670</Identifier><Scope>TEL</Scope></IdentifierObject><IdentifierObject ContextLevel="RECORD" FieldSource="TEL" OrderIndex="66" SpatialIdentifierType="TEL"><Identifier>1000010381289</Identifier><Scope>TEL</Scope></IdentifierObject><IllustrationsObject OrderIndex="37">ILLUSTRATIONS</IllustrationsObject><IllustrationsObject OrderIndex="38">NO_ILLUSTRATIONS</IllustrationsObject><SpatialEntityObject OrderIndex="51" SpatialRelation="PUBLICATION"><Identifiers><Identifier>GB</Identifier><Scope>ISO3166</Scope></Identifiers></SpatialEntityObject><NamedPlaceObject OrderIndex="48" SpatialRelation="PUBLICATION"><Identifiers><Identifier>1000005368670</Identifier><Scope>TEL</Scope></Identifiers><PlaceName>London ;</PlaceName></NamedPlaceObject><NamedPlaceObject OrderIndex="49" SpatialRelation="PUBLICATION"><Identifiers><Identifier>1000010381289</Identifier><Scope>TEL</Scope></Identifiers><PlaceName>New York</PlaceName></NamedPlaceObject><PrintTypeObject OrderIndex="36">PRINTED</PrintTypeObject><ProvenanceObject OrderIndex="33"><CollectionId>a0232</CollectionId><ProviderId>P01214</ProviderId></ProvenanceObject><StatusObject OrderIndex="29">UPDATED</StatusObject><TextObject OrderIndex="54" TextRelation="FORMAT_UNCONTROLED"><Content>il. ;</Content></TextObject><TextObject OrderIndex="55" TextRelation="EXTENT"><Content>XIV, 134 s. :</Content></TextObject><TextObject OrderIndex="56" TextRelation="EXTENT"><Content>23 cm.</Content></TextObject><TextObject OrderIndex="57" TextRelation="DESCRIPTION"><Content>Bibliogr. s. 126-129. - Indeks.</Content></TextObject><OrganizationObject OrderIndex="50" PartyRelation="PUBLISHER"><PartyName>Routledge</PartyName><Identifiers><Identifier>2000072272363</Identifier><Scope>TEL</Scope></Identifiers><Identifiers><Identifier>1000022296988</Identifier><Scope>TEL</Scope></Identifiers><Identifiers><Identifier>3000004106147</Identifier><Scope>TEL</Scope></Identifiers></OrganizationObject><LanguageObject LanguageRelation="LANGUAGE_OF_CONTENT" OrderIndex="47">ENG</LanguageObject><ResourceTypeObject OrderIndex="35">TEXT</ResourceTypeObject><TopicObject OrderIndex="52"><GeographicSubdivision><NamedPlace><PlaceName>Europa Środkowo-Wschodnia</PlaceName></NamedPlace></GeographicSubdivision><TopicName>Transformacja systemu społeczno-gospodarczego</TopicName></TopicObject><TopicObject OrderIndex="53"><GeographicSubdivision><NamedPlace><PlaceName>Europa Środkowo-Wschodnia</PlaceName></NamedPlace></GeographicSubdivision><TopicName>Inwestycje zagraniczne</TopicName></TopicObject><AudienceObject OrderIndex="41">UNKNOW</AudienceObject><InstantObject OrderIndex="31" TemporalRelation="OP_LOADED"><Time>1358943207000</Time><Granularity>SECOND</Granularity><Uncertain>false</Uncertain></InstantObject><InstantObject OrderIndex="46" TemporalRelation="PUBLICATION"><Time>694224000000</Time><Granularity>YEAR</Granularity><Uncertain>false</Uncertain></InstantObject><MetadataObject FieldSource="PROVIDER" Format="marc21" OrderIndex="34"><record xmlns="info:lc/xmlns/marcxchange-v1"><leader>00838nam a2200241 i 4500</leader><controlfield tag="001">b11528539</controlfield><controlfield tag="008">981002s1992    xxka         |001 0 eng d</controlfield><datafield ind1=" " ind2=" " tag="020"><subfield code="a">0415056888</subfield></datafield><datafield ind1=" " ind2=" " tag="040"><subfield code="a">WA N</subfield><subfield code="c">WA N</subfield></datafield><datafield ind1="1" ind2=" " tag="100"><subfield code="a">Dobosiewicz, Zbigniew</subfield><subfield code="d">(1939- ).</subfield></datafield><datafield ind1="1" ind2="0" tag="245"><subfield code="a">Foreign investment in Eastern Europe /</subfield><subfield code="c">Zbigniew Dobosiewicz.</subfield></datafield><datafield ind1=" " ind2=" " tag="260"><subfield code="a">London ;</subfield><subfield code="a">New York :</subfield><subfield code="b">Routledge,</subfield><subfield code="c">1992.</subfield></datafield><datafield ind1=" " ind2=" " tag="300"><subfield code="a">XIV, 134 s. :</subfield><subfield code="b">il. ;</subfield><subfield code="c">23 cm.</subfield></datafield><datafield ind1=" " ind2=" " tag="504"><subfield code="a">Bibliogr. s. 126-129. - Indeks.</subfield></datafield><datafield ind1=" " ind2="4" tag="650"><subfield code="a">Transformacja systemu społeczno-gospodarczego</subfield><subfield code="z">Europa Środkowo-Wschodnia</subfield></datafield><datafield ind1=" " ind2="4" tag="650"><subfield code="a">Inwestycje zagraniczne</subfield><subfield code="z">Europa Środkowo-Wschodnia</subfield></datafield><datafield ind1=" " ind2=" " tag="902"><subfield code="a">121219</subfield><subfield code="c">981005</subfield><subfield code="d">m</subfield><subfield code="e">a</subfield><subfield code="f">-</subfield><subfield code="g">0</subfield></datafield><datafield ind1=" " ind2=" " tag="907"><subfield code="b">bk   </subfield><subfield code="c">-</subfield></datafield><datafield ind1=" " ind2=" " tag="920"><subfield code="a">0-415-05688-8</subfield></datafield><datafield ind1=" " ind2=" " tag="960"><subfield code="a">II 1.840.160 A</subfield><subfield code="c">bk   </subfield><subfield code="d">30001009334111</subfield><subfield code="h">1994 w 70/3</subfield><subfield code="i">Z 0,00</subfield><subfield code="l">-</subfield><subfield code="o">0</subfield></datafield><datafield ind1=" " ind2=" " tag="996"><subfield code="a">.b11528539</subfield></datafield><datafield ind1=" " ind2=" " tag="998"><subfield code="a">ik</subfield><subfield code="a">o</subfield></datafield><datafield ind1=" " ind2=" " tag="999"><subfield code="a">zlAT</subfield></datafield></record>