</MetadataObject><PersonObject OrderIndex="45" PartyRelation="CREATOR"><PartyName>Zbigniew Dobosiewicz</PartyName><Identifiers><Identifier>2000073275984</Identifier><Scope>TEL</Scope></Identifiers><Identifiers><Identifier>1000017226480</Identifier><Scope>TEL</Scope></Identifiers><Identifiers><Identifier>2000073600544</Identifier><Scope>TEL</Scope></Identifiers><LifePeriod><Start><Time>-978307200000</Time><Granularity>YEAR</Granularity><Uncertain>false</Uncertain></Start></LifePeriod><FirstNames>Zbigniew</FirstNames><Surname>Dobosiewicz</Surname></PersonObject><LinkObject FieldSource="TEL" LinkTarget="CATALOGUE_RECORD" OrderIndex="58"><Url>http://alpha.bn.org.pl/record=b1152853*pol</Url><LinkStatus>NOT_CHECKED</LinkStatus></LinkObject></MetadataRecord>
<MetadataRecord xmlns="http://theeuropeanlibrary.org/internal_object_model" ID="2000048756450"><BibliographicLevelObject OrderIndex="43">MONOGRAPH</BibliographicLevelObject><CatalogingFormObject OrderIndex="42">ISBD</CatalogingFormObject><TitleObject OrderIndex="48" TitleType="MAIN"><Title>S glazu na glaz</Title><SubTitle>kniga dlja devoček</SubTitle></TitleObject><TitleObject OrderIndex="49" TitleType="ALTERNATIVE"><Title>W cztery oczy</Title></TitleObject><IdentifierObject IdentifierType="LOCAL_IDENTIFIER" OrderIndex="33"><Identifier>b11528394</Identifier></IdentifierObject><IdentifierObject IdentifierType="OAIPMH" OrderIndex="35"><Identifier>urn:theeuropeanlibrary.org:a0232:b11528394</Identifier></IdentifierObject><IdentifierObject IdentifierType="LOCAL_IDENTIFIER" OrderIndex="45"><Identifier>b11528394</Identifier><Scope>a0232</Scope></IdentifierObject><IdentifierObject IdentifierType="ISBN" OrderIndex="46"><Identifier>5788009812</Identifier></IdentifierObject><IdentifierObject ContextLevel="RECORD" FieldSource="TEL" OrderIndex="65" SpatialIdentifierType="TEL"><Identifier>1000001322574</Identifier><Scope>TEL</Scope></IdentifierObject><IllustrationsObject OrderIndex="40">ILLUSTRATIONS</IllustrationsObject><IllustrationsObject OrderIndex="41">NO_ILLUSTRATIONS</IllustrationsObject><SpatialEntityObject OrderIndex="57" SpatialRelation="PUBLICATION"><Identifiers><Identifier>BY</Identifier><Scope>ISO3166</Scope></Identifiers></SpatialEntityObject><NamedPlaceObject OrderIndex="55" SpatialRelation="PUBLICATION"><Identifiers><Identifier>1000001322574</Identifier><Scope>TEL</Scope></Identifiers><PlaceName>Minsk</PlaceName></NamedPlaceObject><PrintTypeObject OrderIndex="39">PRINTED</PrintTypeObject><ProvenanceObject OrderIndex="36"><CollectionId>a0232</CollectionId><ProviderId>P01214</ProviderId></ProvenanceObject><StatusObject OrderIndex="32">UPDATED</StatusObject><TextObject OrderIndex="47" TextRelation="STATEMENT_OF_RESPONSIBILITY"><Content>Marija Dan'kovska ; [per. s pol. S. N. Gul'janc ; chudož. G. P. Sen'kovskij].</Content></TextObject><TextObject OrderIndex="61" TextRelation="FORMAT_UNCONTROLED"><Content>rys. ;</Content></TextObject><TextObject OrderIndex="62" TextRelation="EXTENT"><Content>238, [2] s. :</Content></TextObject><TextObject OrderIndex="63" TextRelation="EXTENT"><Content>20 cm.</Content></TextObject><OrganizationObject OrderIndex="56" PartyRelation="PUBLISHER"><PartyName>Junactva</PartyName></OrganizationObject><LanguageObject LanguageRelation="LANGUAGE_OF_CONTENT" OrderIndex="54">RUS</LanguageObject><ResourceTypeObject OrderIndex="38">TEXT</ResourceTypeObject><TopicObject OrderIndex="58"><GeneralSubdivision>psychologia</GeneralSubdivision><TopicName>Dziewczęta</TopicName></TopicObject><TopicObject OrderIndex="59"><GeneralSubdivision>wychowanie</GeneralSubdivision><TopicName>Dziewczęta</TopicName></TopicObject><TopicObject OrderIndex="60"><TopicName>Poradniki dla młodzieży</TopicName></TopicObject><AudienceObject OrderIndex="44">UNKNOW</AudienceObject><InstantObject OrderIndex="34" TemporalRelation="OP_LOADED"><Time>1358943207000</Time><Granularity>SECOND</Granularity><Uncertain>false</Uncertain></InstantObject><InstantObject OrderIndex="53" TemporalRelation="PUBLICATION"><Time>757382400000</Time><Granularity>YEAR</Granularity><Uncertain>false</Uncertain></InstantObject><MetadataObject FieldSource="PROVIDER" Format="marc21" OrderIndex="37"><record xmlns="info:lc/xmlns/marcxchange-v1"><leader>00982nam a2200313 i 4500</leader><controlfield tag="001">b11528394</controlfield><controlfield tag="008">981002s1994    bw a         |000 0 rus  </controlfield><datafield ind1=" " ind2=" " tag="020"><subfield code="a">5788009812</subfield></datafield><datafield ind1=" " ind2=" " tag="040"><subfield code="a">WA N</subfield><subfield code="c">WA N</subfield></datafield><datafield ind1="1" ind2=" " tag="041"><subfield code="a">rus</subfield><subfield code="h">pol</subfield></datafield><datafield ind1="1" ind2=" " tag="100"><subfield code="a">Dańkowska, Maria</subfield><subfield code="d">(1933-1991).</subfield></datafield><datafield ind1="1" ind2="0" tag="245"><subfield code="a">S glazu na glaz :</subfield><subfield code="b">kniga dlja devoček /</subfield><subfield code="c">Marija Dan'kovska ; [per. s pol. S. N. Gul'janc ; chudož. G. P. Sen'kovskij].</subfield></datafield><datafield ind1="1" ind2=" " tag="246"><subfield code="i">Tyt. oryg.:</subfield><subfield code="a">W cztery oczy</subfield></datafield><datafield ind1=" " ind2=" " tag="260"><subfield code="a">Minsk :</subfield><subfield code="b">Junactva,</subfield><subfield code="c">1994.</subfield></datafield><datafield ind1=" " ind2=" " tag="300"><subfield code="a">238, [2] s. :</subfield><subfield code="b">rys. ;</subfield><subfield code="c">20 cm.</subfield></datafield><datafield ind1=" " ind2="4" tag="650"><subfield code="a">Dziewczęta</subfield><subfield code="x">psychologia</subfield></datafield><datafield ind1=" " ind2="4" tag="650"><subfield code="a">Dziewczęta</subfield><subfield code="x">wychowanie</subfield></datafield><datafield ind1=" " ind2="4" tag="655"><subfield code="a">Poradniki dla młodzieży</subfield></datafield><datafield ind1="1" ind2=" " tag="700"><subfield code="a">Gul'janc, S. N.</subfield><subfield code="e">Tł.</subfield></datafield><datafield ind1="1" ind2=" " tag="700"><subfield code="a">Sen'kovskij, G. P.</subfield><subfield code="e">Tł.</subfield></datafield><datafield ind1=" " ind2=" " tag="902"><subfield code="a">121211</subfield><subfield code="c">990226</subfield><subfield code="d">m</subfield><subfield code="e">a</subfield><subfield code="f">-</subfield><subfield code="g">0</subfield></datafield><datafield ind1=" " ind2=" " tag="907"><subfield code="b">bk   </subfield><subfield code="c">-</subfield></datafield><datafield ind1=" " ind2=" " tag="920"><subfield code="a">5-7880-0981-2</subfield></datafield><datafield ind1=" " ind2=" " tag="960"><subfield code="a">I 1.880.034 A</subfield><subfield code="c">bk   </subfield><subfield code="h">1994 w 449/5</subfield><subfield code="i">Z 0,10</subfield><subfield code="k">1</subfield><subfield code="l">-</subfield><subfield code="o">0</subfield></datafield><datafield ind1=" " ind2=" " tag="996"><subfield code="a">.b11528394</subfield></datafield><datafield ind1=" " ind2=" " tag="998"><subfield code="a">ik</subfield><subfield code="a">o</subfield></datafield><datafield ind1=" " ind2=" " tag="999"><subfield code="a">AT</subfield><subfield code="b">js</subfield></datafield><datafield ind1=" " ind2=" " tag="999"><subfield code="a">resi</subfield><subfield code="a">emal</subfield></datafield><datafield ind1=" " ind2=" " tag="999"><subfield code="a">mb</subfield></datafield></record>