</MetadataObject><PersonObject OrderIndex="50" PartyRelation="CREATOR"><PartyName>Maria Dańkowska</PartyName><LifePeriod><Start><Time>-1167609600000</Time><Granularity>YEAR</Granularity><Uncertain>false</Uncertain></Start><End><Time>662688000000</Time><Granularity>YEAR</Granularity><Uncertain>false</Uncertain></End></LifePeriod><FirstNames>Maria</FirstNames><Surname>Dańkowska</Surname></PersonObject><PersonObject OrderIndex="51" PartyRelation="CONTRIBUTOR"><PartyName>S. N. Gul'janc</PartyName><FirstNames>S. N.</FirstNames><Surname>Gul'janc</Surname></PersonObject><PersonObject OrderIndex="52" PartyRelation="CONTRIBUTOR"><PartyName>G. P. Sen'kovskij</PartyName><FirstNames>G. P.</FirstNames><Surname>Sen'kovskij</Surname></PersonObject><LinkObject FieldSource="TEL" LinkTarget="CATALOGUE_RECORD" OrderIndex="64"><Url>http://alpha.bn.org.pl/record=b1152839*pol</Url><LinkStatus>NOT_CHECKED</LinkStatus></LinkObject></MetadataRecord>
<MetadataRecord xmlns="http://theeuropeanlibrary.org/internal_object_model" ID="2000048756472"><BibliographicLevelObject OrderIndex="36">MONOGRAPH</BibliographicLevelObject><CatalogingFormObject OrderIndex="35">ISBD</CatalogingFormObject><TitleObject OrderIndex="40" TitleType="MAIN"><Title>Grafinâ Kozel</Title></TitleObject><TitleObject OrderIndex="41" TitleType="ALTERNATIVE"><Title>Hrabina Cosel</Title></TitleObject><IdentifierObject IdentifierType="LOCAL_IDENTIFIER" OrderIndex="27"><Identifier>b1152862x</Identifier></IdentifierObject><IdentifierObject IdentifierType="OAIPMH" OrderIndex="29"><Identifier>urn:theeuropeanlibrary.org:a0232:b1152862x</Identifier></IdentifierObject><IdentifierObject IdentifierType="LOCAL_IDENTIFIER" OrderIndex="38"><Identifier>b1152862x</Identifier><Scope>a0232</Scope></IdentifierObject><IdentifierObject IdentifierType="ISBN" OrderIndex="39"><Identifier>95484331017</Identifier></IdentifierObject><IdentifierObject ContextLevel="RECORD" FieldSource="TEL" OrderIndex="53" PartyIdentifierType="TEL"><Identifier>1000021117252</Identifier><Scope>TEL</Scope></IdentifierObject><IllustrationsObject OrderIndex="34">NO_ILLUSTRATIONS</IllustrationsObject><SpatialEntityObject OrderIndex="48" SpatialRelation="PUBLICATION"><Identifiers><Identifier>BG</Identifier><Scope>ISO3166</Scope></Identifiers></SpatialEntityObject><NamedPlaceObject OrderIndex="46" SpatialRelation="PUBLICATION"><PlaceName>Sofiâ</PlaceName></NamedPlaceObject><PrintTypeObject OrderIndex="33">PRINTED</PrintTypeObject><ProvenanceObject OrderIndex="30"><CollectionId>a0232</CollectionId><ProviderId>P01214</ProviderId></ProvenanceObject><StatusObject OrderIndex="26">UPDATED</StatusObject><TextObject OrderIndex="50" TextRelation="EXTENT"><Content>374, [2] s. ;</Content></TextObject><TextObject OrderIndex="51" TextRelation="EXTENT"><Content>20 cm.</Content></TextObject><OrganizationObject OrderIndex="47" PartyRelation="PUBLISHER"><PartyName>Bomil-Dukova</PartyName></OrganizationObject><LanguageObject LanguageRelation="LANGUAGE_OF_CONTENT" OrderIndex="45">BUL</LanguageObject><ResourceTypeObject OrderIndex="32">TEXT</ResourceTypeObject><TopicObject OrderIndex="49"><ChronologicalSubdivision><Instant><Time>-61567776000000</Time><Granularity>YEAR</Granularity><Uncertain>false</Uncertain></Instant></ChronologicalSubdivision><TopicName>Powieść polska</TopicName></TopicObject><AudienceObject OrderIndex="37">UNKNOW</AudienceObject><InstantObject OrderIndex="28" TemporalRelation="OP_LOADED"><Time>1358943216000</Time><Granularity>SECOND</Granularity><Uncertain>false</Uncertain></InstantObject><InstantObject OrderIndex="44" TemporalRelation="PUBLICATION"><Time>725846400000</Time><Granularity>YEAR</Granularity><Uncertain>false</Uncertain></InstantObject><MetadataObject FieldSource="PROVIDER" Format="marc21" OrderIndex="31"><record xmlns="info:lc/xmlns/marcxchange-v1"><leader>00849nam a2200253 i 4500</leader><controlfield tag="001">b1152862x</controlfield><controlfield tag="008">981002s1993    bu           |000 f bulo </controlfield><datafield ind1=" " ind2=" " tag="020"><subfield code="a">95484331017</subfield></datafield><datafield ind1=" " ind2=" " tag="040"><subfield code="a">WA N</subfield><subfield code="c">WA N</subfield></datafield><datafield ind1="1" ind2=" " tag="100"><subfield code="a">Kraszewski, Józef Ignacy</subfield><subfield code="d">(1812-1887).</subfield></datafield><datafield ind1="1" ind2="0" tag="245"><subfield code="a">Grafinâ Kozel /</subfield><subfield code="c">Juzef Ignaci Kraševski ; [przeł. z pol. Dimit''r Ikonomov].</subfield></datafield><datafield ind1="1" ind2=" " tag="246"><subfield code="i">Tyt. oryg.:</subfield><subfield code="a">Hrabina Cosel</subfield></datafield><datafield ind1=" " ind2=" " tag="260"><subfield code="a">Sofiâ :</subfield><subfield code="b">Bomil-Dukova,</subfield><subfield code="c">1993.</subfield></datafield><datafield ind1=" " ind2=" " tag="300"><subfield code="a">374, [2] s. ;</subfield><subfield code="c">20 cm.</subfield></datafield><datafield ind1=" " ind2="4" tag="655"><subfield code="a">Powieść polska</subfield><subfield code="y">19 w.</subfield></datafield><datafield ind1="1" ind2=" " tag="700"><subfield code="a">Ikonomov, Dimit''r</subfield><subfield code="d">(1909-1975).</subfield><subfield code="e">Tł.</subfield></datafield><datafield ind1=" " ind2=" " tag="902"><subfield code="a">121219</subfield><subfield code="c">981005</subfield><subfield code="d">m</subfield><subfield code="e">a</subfield><subfield code="f">-</subfield><subfield code="g">0</subfield></datafield><datafield ind1=" " ind2=" " tag="907"><subfield code="b">bk   </subfield><subfield code="c">-</subfield></datafield><datafield ind1=" " ind2=" " tag="920"><subfield code="a">954-8433-101-7</subfield></datafield><datafield ind1=" " ind2=" " tag="960"><subfield code="a">I 1.764.698</subfield><subfield code="c">bk   </subfield><subfield code="d">30001008920049</subfield><subfield code="h">1994 w 51/9</subfield><subfield code="i">Z 0,20</subfield><subfield code="k">1</subfield><subfield code="l">-</subfield><subfield code="o">1</subfield></datafield><datafield ind1=" " ind2=" " tag="960"><subfield code="a">I 1.382.976 A</subfield><subfield code="c">bk   </subfield><subfield code="h">1994 w 51/8</subfield><subfield code="i">Z 0,00</subfield><subfield code="l">-</subfield><subfield code="o">0</subfield></datafield><datafield ind1=" " ind2=" " tag="996"><subfield code="a">.b1152862x</subfield></datafield><datafield ind1=" " ind2=" " tag="998"><subfield code="a">ik</subfield><subfield code="a">o</subfield></datafield><datafield ind1=" " ind2=" " tag="999"><subfield code="a">zlJB</subfield><subfield code="b">ea</subfield></datafield></record>