</MetadataObject><PersonObject OrderIndex="42" PartyRelation="CREATOR"><PartyName>Józef Ignacy Kraszewski</PartyName><LifePeriod><Start><Time>-4986057600000</Time><Granularity>YEAR</Granularity><Uncertain>false</Uncertain></Start><End><Time>-2619216000000</Time><Granularity>YEAR</Granularity><Uncertain>false</Uncertain></End></LifePeriod><FirstNames>Józef Ignacy</FirstNames><Surname>Kraszewski</Surname></PersonObject><PersonObject OrderIndex="43" PartyRelation="CONTRIBUTOR"><PartyName>Dimit''r Ikonomov</PartyName><Identifiers><Identifier>1000021117252</Identifier><Scope>TEL</Scope></Identifiers><LifePeriod><Start><Time>-1924992000000</Time><Granularity>YEAR</Granularity><Uncertain>false</Uncertain></Start><End><Time>157766400000</Time><Granularity>YEAR</Granularity><Uncertain>false</Uncertain></End></LifePeriod><FirstNames>Dimit''r</FirstNames><Surname>Ikonomov</Surname></PersonObject><LinkObject FieldSource="TEL" LinkTarget="CATALOGUE_RECORD" OrderIndex="52"><Url>http://alpha.bn.org.pl/record=b1152862*pol</Url><LinkStatus>NOT_CHECKED</LinkStatus></LinkObject></MetadataRecord>
<MetadataRecord xmlns="http://theeuropeanlibrary.org/internal_object_model" ID="2000048756430"><BibliographicLevelObject OrderIndex="36">MONOGRAPH</BibliographicLevelObject><CatalogingFormObject OrderIndex="35">ISBD</CatalogingFormObject><TitleObject OrderIndex="40" TitleType="MAIN"><Title>The occult underground</Title></TitleObject><IdentifierObject IdentifierType="LOCAL_IDENTIFIER" OrderIndex="27"><Identifier>b11528199</Identifier></IdentifierObject><IdentifierObject IdentifierType="OAIPMH" OrderIndex="29"><Identifier>urn:theeuropeanlibrary.org:a0232:b11528199</Identifier></IdentifierObject><IdentifierObject IdentifierType="LOCAL_IDENTIFIER" OrderIndex="38"><Identifier>b11528199</Identifier><Scope>a0232</Scope></IdentifierObject><IdentifierObject IdentifierType="ISBN" OrderIndex="39"><Identifier>0812690737</Identifier></IdentifierObject><IllustrationsObject OrderIndex="34">NO_ILLUSTRATIONS</IllustrationsObject><SpatialEntityObject OrderIndex="46" SpatialRelation="PUBLICATION"><Identifiers><Identifier>US</Identifier><Scope>ISO3166</Scope></Identifiers></SpatialEntityObject><NamedPlaceObject OrderIndex="44" SpatialRelation="PUBLICATION"><PlaceName>La Salle,IL</PlaceName></NamedPlaceObject><PrintTypeObject OrderIndex="33">PRINTED</PrintTypeObject><ProvenanceObject OrderIndex="30"><CollectionId>a0232</CollectionId><ProviderId>P01214</ProviderId></ProvenanceObject><StatusObject OrderIndex="26">UPDATED</StatusObject><TextObject OrderIndex="48" TextRelation="EXTENT"><Content>[6], 387 s., [8] s.tabl. ;</Content></TextObject><TextObject OrderIndex="49" TextRelation="EXTENT"><Content>23 cm.</Content></TextObject><TextObject NoteType="GENERAL" OrderIndex="50" TextRelation="NOTE"><Content>Dot. m.in. Polski.</Content></TextObject><TextObject OrderIndex="51" TextRelation="DESCRIPTION"><Content>Indeks.</Content></TextObject><OrganizationObject OrderIndex="45" PartyRelation="PUBLISHER"><PartyName>Open Court</PartyName></OrganizationObject><LanguageObject LanguageRelation="LANGUAGE_OF_CONTENT" OrderIndex="43">ENG</LanguageObject><ResourceTypeObject OrderIndex="32">TEXT</ResourceTypeObject><TopicObject OrderIndex="47"><GeneralSubdivision>historia</GeneralSubdivision><TopicName>Okultyzm</TopicName></TopicObject><AudienceObject OrderIndex="37">UNKNOW</AudienceObject><InstantObject OrderIndex="28" TemporalRelation="OP_LOADED"><Time>1358943216000</Time><Granularity>SECOND</Granularity><Uncertain>false</Uncertain></InstantObject><InstantObject OrderIndex="42" TemporalRelation="PUBLICATION"><Time>567993600000</Time><Granularity>YEAR</Granularity><Uncertain>false</Uncertain></InstantObject><MetadataObject FieldSource="PROVIDER" Format="marc21" OrderIndex="31"><record xmlns="info:lc/xmlns/marcxchange-v1"><leader>00702nam a2200241 i 4500</leader><controlfield tag="001">b11528199</controlfield><controlfield tag="008">981002s1988    xxu          |001 0 eng d</controlfield><datafield ind1=" " ind2=" " tag="020"><subfield code="a">0812690737</subfield></datafield><datafield ind1=" " ind2=" " tag="040"><subfield code="a">WA N</subfield><subfield code="c">WA N</subfield></datafield><datafield ind1="1" ind2=" " tag="100"><subfield code="a">Webb, James</subfield><subfield code="d">(1946- ).</subfield></datafield><datafield ind1="1" ind2="4" tag="245"><subfield code="a">The occult underground /</subfield><subfield code="c">James Webb.</subfield></datafield><datafield ind1=" " ind2=" " tag="260"><subfield code="a">La Salle,IL :</subfield><subfield code="b">Open Court,</subfield><subfield code="c">1988.</subfield></datafield><datafield ind1=" " ind2=" " tag="300"><subfield code="a">[6], 387 s., [8] s.tabl. ;</subfield><subfield code="c">23 cm.</subfield></datafield><datafield ind1=" " ind2=" " tag="500"><subfield code="a">Dot. m.in. Polski.</subfield></datafield><datafield ind1=" " ind2=" " tag="504"><subfield code="a">Indeks.</subfield></datafield><datafield ind1=" " ind2="4" tag="650"><subfield code="a">Okultyzm</subfield><subfield code="x">historia</subfield></datafield><datafield ind1=" " ind2=" " tag="902"><subfield code="a">121219</subfield><subfield code="c">981005</subfield><subfield code="d">m</subfield><subfield code="e">a</subfield><subfield code="f">-</subfield><subfield code="g">0</subfield></datafield><datafield ind1=" " ind2=" " tag="907"><subfield code="b">bk   </subfield><subfield code="c">-</subfield></datafield><datafield ind1=" " ind2=" " tag="920"><subfield code="a">0-8126-9073-7 ((pbk))</subfield></datafield><datafield ind1=" " ind2=" " tag="960"><subfield code="a">II 1.840.359 A</subfield><subfield code="c">bk   </subfield><subfield code="d">30001009336498</subfield><subfield code="h">1994 w 110/12</subfield><subfield code="i">Z 0,00</subfield><subfield code="l">-</subfield><subfield code="o">0</subfield></datafield><datafield ind1=" " ind2=" " tag="996"><subfield code="a">.b11528199</subfield></datafield><datafield ind1=" " ind2=" " tag="998"><subfield code="a">ik</subfield><subfield code="a">o</subfield></datafield><datafield ind1=" " ind2=" " tag="999"><subfield code="a">zlJB</subfield></datafield></record>