</MetadataObject><PersonObject OrderIndex="41" PartyRelation="CREATOR"><PartyName>James Webb</PartyName><LifePeriod><Start><Time>-757382400000</Time><Granularity>YEAR</Granularity><Uncertain>false</Uncertain></Start></LifePeriod><FirstNames>James</FirstNames><Surname>Webb</Surname></PersonObject><LinkObject FieldSource="TEL" LinkTarget="CATALOGUE_RECORD" OrderIndex="52"><Url>http://alpha.bn.org.pl/record=b1152819*pol</Url><LinkStatus>NOT_CHECKED</LinkStatus></LinkObject></MetadataRecord>
<MetadataRecord xmlns="http://theeuropeanlibrary.org/internal_object_model" ID="2000048756420"><BibliographicLevelObject OrderIndex="34">MONOGRAPH</BibliographicLevelObject><CatalogingFormObject OrderIndex="33">ISBD</CatalogingFormObject><TitleObject OrderIndex="37" TitleType="MAIN"><Title>Pryjdzì stvaral'ny duch</Title><SubTitle>peraklady Vasìlja Sëmuchì : z njameckaj, austryjsaj, pol'skaj, latyšskaj lìrykì</SubTitle></TitleObject><IdentifierObject IdentifierType="LOCAL_IDENTIFIER" OrderIndex="25"><Identifier>b11528096</Identifier></IdentifierObject><IdentifierObject IdentifierType="OAIPMH" OrderIndex="27"><Identifier>urn:theeuropeanlibrary.org:a0232:b11528096</Identifier></IdentifierObject><IdentifierObject IdentifierType="LOCAL_IDENTIFIER" OrderIndex="36"><Identifier>b11528096</Identifier><Scope>a0232</Scope></IdentifierObject><IdentifierObject ContextLevel="CONTENT" FieldSource="TEL" KnowledgeOrganizationSystem="TEL" OrderIndex="49"><Identifier>1000000267520</Identifier><Scope>TEL</Scope></IdentifierObject><IdentifierObject ContextLevel="CONTENT" FieldSource="TEL" KnowledgeOrganizationSystem="TEL" OrderIndex="50"><Identifier>1000000091240</Identifier><Scope>TEL</Scope></IdentifierObject><IdentifierObject ContextLevel="CONTENT" FieldSource="TEL" KnowledgeOrganizationSystem="TEL" OrderIndex="51"><Identifier>1000000085815</Identifier><Scope>TEL</Scope></IdentifierObject><IdentifierObject ContextLevel="CONTENT" FieldSource="TEL" KnowledgeOrganizationSystem="TEL" OrderIndex="52"><Identifier>1000000085747</Identifier><Scope>TEL</Scope></IdentifierObject><IllustrationsObject OrderIndex="32">NO_ILLUSTRATIONS</IllustrationsObject><SpatialEntityObject OrderIndex="43" SpatialRelation="PUBLICATION"><Identifiers><Identifier>BY</Identifier><Scope>ISO3166</Scope></Identifiers></SpatialEntityObject><NamedPlaceObject OrderIndex="41" SpatialRelation="PUBLICATION"><PlaceName>Mìnsk</PlaceName></NamedPlaceObject><PrintTypeObject OrderIndex="31">PRINTED</PrintTypeObject><ProvenanceObject OrderIndex="28"><CollectionId>a0232</CollectionId><ProviderId>P01214</ProviderId></ProvenanceObject><StatusObject OrderIndex="24">UPDATED</StatusObject><TextObject OrderIndex="46" TextRelation="EXTENT"><Content>269, [3] s., [2] s. tabl. ;</Content></TextObject><TextObject OrderIndex="47" TextRelation="EXTENT"><Content>18 cm.</Content></TextObject><OrganizationObject OrderIndex="42" PartyRelation="PUBLISHER"><PartyName>Mastackaja literatura</PartyName></OrganizationObject><LanguageObject LanguageRelation="LANGUAGE_OF_CONTENT" OrderIndex="40">BEL</LanguageObject><ResourceTypeObject OrderIndex="30">TEXT</ResourceTypeObject><TopicObject OrderIndex="44"><TopicName>Literatura</TopicName><Identifiers><Identifier>1000000267520</Identifier><Scope>TEL</Scope></Identifiers><Identifiers><Identifier>1000000085747</Identifier><Scope>TEL</Scope></Identifiers></TopicObject><TopicObject OrderIndex="45"><TopicName>Antologie</TopicName><Identifiers><Identifier>1000000091240</Identifier><Scope>TEL</Scope></Identifiers><Identifiers><Identifier>1000000085815</Identifier><Scope>TEL</Scope></Identifiers></TopicObject><AudienceObject OrderIndex="35">UNKNOW</AudienceObject><InstantObject OrderIndex="26" TemporalRelation="OP_LOADED"><Time>1358943214000</Time><Granularity>SECOND</Granularity><Uncertain>false</Uncertain></InstantObject><InstantObject OrderIndex="39" TemporalRelation="PUBLICATION"><Time>504921600000</Time><Granularity>YEAR</Granularity><Uncertain>false</Uncertain></InstantObject><MetadataObject FieldSource="PROVIDER" Format="marc21" OrderIndex="29"><record xmlns="info:lc/xmlns/marcxchange-v1"><leader>00898nam a2200277 i 4500</leader><controlfield tag="001">b11528096</controlfield><controlfield tag="008">981002s1986    bw           |000 0 belo </controlfield><datafield ind1=" " ind2=" " tag="040"><subfield code="a">WA N</subfield><subfield code="c">WA N</subfield></datafield><datafield ind1="1" ind2=" " tag="041"><subfield code="a">bel</subfield><subfield code="h">ger</subfield><subfield code="h">pol</subfield><subfield code="h">lat</subfield></datafield><datafield ind1="0" ind2="0" tag="245"><subfield code="a">Pryjdzì stvaral'ny duch :</subfield><subfield code="b">peraklady Vasìlja Sëmuchì : z njameckaj, austryjsaj, pol'skaj, latyšskaj lìrykì.</subfield></datafield><datafield ind1=" " ind2=" " tag="260"><subfield code="a">Mìnsk :</subfield><subfield code="b">Mastackaja literatura,</subfield><subfield code="c">1986.</subfield></datafield><datafield ind1=" " ind2=" " tag="300"><subfield code="a">269, [3] s., [2] s. tabl. ;</subfield><subfield code="c">18 cm.</subfield></datafield><datafield ind1="1" ind2=" " tag="490"><subfield code="a">Knìga Perekladčyka</subfield></datafield><datafield ind1=" " ind2="4" tag="655"><subfield code="a">Literatura</subfield></datafield><datafield ind1=" " ind2="4" tag="655"><subfield code="a">Antologie</subfield></datafield><datafield ind1="1" ind2=" " tag="700"><subfield code="a">Sëmuch, Vasìl'.</subfield><subfield code="e">Tł.</subfield></datafield><datafield ind1=" " ind2="0" tag="830"><subfield code="a">Knìga Perekladčyka</subfield></datafield><datafield ind1=" " ind2=" " tag="902"><subfield code="a">121219</subfield><subfield code="c">981005</subfield><subfield code="d">m</subfield><subfield code="e">a</subfield><subfield code="f">-</subfield><subfield code="g">0</subfield></datafield><datafield ind1=" " ind2=" " tag="907"><subfield code="b">bk   </subfield><subfield code="c">-</subfield></datafield><datafield ind1=" " ind2=" " tag="960"><subfield code="a">I 1.372.670 A</subfield><subfield code="c">bk   </subfield><subfield code="h">1988 w 402/34</subfield><subfield code="i">Z 0,00</subfield><subfield code="l">-</subfield><subfield code="o">0</subfield></datafield><datafield ind1=" " ind2=" " tag="960"><subfield code="a">I 1.764.637</subfield><subfield code="c">bk   </subfield><subfield code="d">30001008919579</subfield><subfield code="h">1994 w 449/13</subfield><subfield code="i">Z 0,10</subfield><subfield code="k">3</subfield><subfield code="l">-</subfield><subfield code="o">1</subfield></datafield><datafield ind1=" " ind2=" " tag="996"><subfield code="a">.b11528096</subfield></datafield><datafield ind1=" " ind2=" " tag="998"><subfield code="a">ik</subfield><subfield code="a">o</subfield></datafield><datafield ind1=" " ind2=" " tag="999"><subfield code="a">AT</subfield><subfield code="b">js</subfield></datafield><datafield ind1=" " ind2=" " tag="999"><subfield code="a">resi</subfield></datafield><datafield ind1=" " ind2=" " tag="999"><subfield code="a">mb</subfield></datafield></record>