</MetadataObject><PersonObject OrderIndex="38" PartyRelation="CONTRIBUTOR"><PartyName>Vasìl'. Sëmuch</PartyName><FirstNames>Vasìl'.</FirstNames><Surname>Sëmuch</Surname></PersonObject><LinkObject FieldSource="TEL" LinkTarget="CATALOGUE_RECORD" OrderIndex="48"><Url>http://alpha.bn.org.pl/record=b1152809*pol</Url><LinkStatus>NOT_CHECKED</LinkStatus></LinkObject></MetadataRecord>
<MetadataRecord xmlns="http://theeuropeanlibrary.org/internal_object_model" ID="2000048756442"><BibliographicLevelObject OrderIndex="36">MONOGRAPH</BibliographicLevelObject><CatalogingFormObject OrderIndex="35">ISBD</CatalogingFormObject><TitleObject OrderIndex="40" TitleType="MAIN"><Title>Program do intensywnej nauki języka angielskiego pop-english</Title><SubTitle>instrukcja obsługi programu i obszerny zarys słownictwa, gramatyki i fonetyki angielskiej : wersja 2.0</SubTitle></TitleObject><IdentifierObject IdentifierType="LOCAL_IDENTIFIER" OrderIndex="27"><Identifier>b1152831x</Identifier></IdentifierObject><IdentifierObject IdentifierType="OAIPMH" OrderIndex="29"><Identifier>urn:theeuropeanlibrary.org:a0232:b1152831x</Identifier></IdentifierObject><IdentifierObject IdentifierType="LOCAL_IDENTIFIER" OrderIndex="38"><Identifier>b1152831x</Identifier><Scope>a0232</Scope></IdentifierObject><IdentifierObject ContextLevel="RECORD" FieldSource="TEL" OrderIndex="53" PartyIdentifierType="TEL"><Identifier>1000017096732</Identifier><Scope>TEL</Scope></IdentifierObject><IllustrationsObject OrderIndex="34">NO_ILLUSTRATIONS</IllustrationsObject><SpatialEntityObject OrderIndex="46" SpatialRelation="PUBLICATION"><Identifiers><Identifier>PL</Identifier><Scope>ISO3166</Scope></Identifiers></SpatialEntityObject><NamedPlaceObject OrderIndex="44" SpatialRelation="PUBLICATION"><PlaceName>Ostrów Wlkp.</PlaceName></NamedPlaceObject><PrintTypeObject OrderIndex="33">PRINTED</PrintTypeObject><ProvenanceObject OrderIndex="30"><CollectionId>a0232</CollectionId><ProviderId>P01214</ProviderId></ProvenanceObject><StatusObject OrderIndex="26">UPDATED</StatusObject><TextObject OrderIndex="39" TextRelation="STATEMENT_OF_RESPONSIBILITY"><Content>aut. programu Joanna Filipek [et al.].</Content></TextObject><TextObject OrderIndex="50" TextRelation="EXTENT"><Content>[2], 156, [2] s. ;</Content></TextObject><TextObject OrderIndex="51" TextRelation="EXTENT"><Content>20 cm.</Content></TextObject><OrganizationObject OrderIndex="45" PartyRelation="PUBLISHER"><PartyName>Studio "Awangarda"</PartyName></OrganizationObject><LanguageObject LanguageRelation="LANGUAGE_OF_CONTENT" OrderIndex="43">POL</LanguageObject><ResourceTypeObject OrderIndex="32">TEXT</ResourceTypeObject><TopicObject OrderIndex="47"><TopicName>Język angielski</TopicName></TopicObject><TopicObject OrderIndex="48"><GeneralSubdivision>stosowanie</GeneralSubdivision><TopicName>Komputery</TopicName></TopicObject><TopicObject OrderIndex="49"><TopicName>Podręczniki</TopicName></TopicObject><AudienceObject OrderIndex="37">UNKNOW</AudienceObject><InstantObject OrderIndex="28" TemporalRelation="OP_LOADED"><Time>1358943207000</Time><Granularity>SECOND</Granularity><Uncertain>false</Uncertain></InstantObject><InstantObject OrderIndex="42" TemporalRelation="PUBLICATION"><Time>757382400000</Time><Granularity>YEAR</Granularity><Uncertain>false</Uncertain></InstantObject><MetadataObject FieldSource="PROVIDER" Format="marc21" OrderIndex="31"><record xmlns="info:lc/xmlns/marcxchange-v1"><leader>00925nam a2200229 i 4500</leader><controlfield tag="001">b1152831x</controlfield><controlfield tag="008">981002s1994    pl           |000 0 pol  </controlfield><datafield ind1=" " ind2=" " tag="040"><subfield code="a">WA N</subfield><subfield code="c">WA N</subfield></datafield><datafield ind1="0" ind2="0" tag="245"><subfield code="a">Program do intensywnej nauki języka angielskiego pop-english :</subfield><subfield code="b">instrukcja obsługi programu i obszerny zarys słownictwa, gramatyki i fonetyki angielskiej : wersja 2.0 /</subfield><subfield code="c">aut. programu Joanna Filipek [et al.].</subfield></datafield><datafield ind1=" " ind2=" " tag="260"><subfield code="a">Ostrów Wlkp. :</subfield><subfield code="b">Studio "Awangarda",</subfield><subfield code="c">[1994?]</subfield><subfield code="e">(Zielona Góra :</subfield><subfield code="f">ODN-Poligrafia).</subfield></datafield><datafield ind1=" " ind2=" " tag="300"><subfield code="a">[2], 156, [2] s. ;</subfield><subfield code="c">20 cm.</subfield></datafield><datafield ind1=" " ind2="4" tag="650"><subfield code="a">Język angielski</subfield></datafield><datafield ind1=" " ind2="4" tag="650"><subfield code="a">Komputery</subfield><subfield code="x">stosowanie</subfield><subfield code="x">nauczanie</subfield></datafield><datafield ind1=" " ind2="4" tag="655"><subfield code="a">Podręczniki</subfield></datafield><datafield ind1="1" ind2=" " tag="700"><subfield code="a">Filipek, Joanna.</subfield></datafield><datafield ind1=" " ind2=" " tag="902"><subfield code="a">121211</subfield><subfield code="c">981005</subfield><subfield code="d">m</subfield><subfield code="e">a</subfield><subfield code="f">-</subfield><subfield code="g">0</subfield></datafield><datafield ind1=" " ind2=" " tag="907"><subfield code="b">bk   </subfield><subfield code="c">-</subfield></datafield><datafield ind1=" " ind2=" " tag="960"><subfield code="a">I 1.763.436</subfield><subfield code="c">bk   </subfield><subfield code="d">30001008912396</subfield><subfield code="h">1994 e 5188/2</subfield><subfield code="i">Z 0,00</subfield><subfield code="l">-</subfield><subfield code="o">1</subfield></datafield><datafield ind1=" " ind2=" " tag="960"><subfield code="a">I 1.383.724 A</subfield><subfield code="c">bk   </subfield><subfield code="h">1994 e 5188/1</subfield><subfield code="i">Z 0,00</subfield><subfield code="l">-</subfield><subfield code="o">0</subfield></datafield><datafield ind1=" " ind2=" " tag="996"><subfield code="a">.b1152831x</subfield></datafield><datafield ind1=" " ind2=" " tag="998"><subfield code="a">ik</subfield><subfield code="a">o</subfield></datafield><datafield ind1=" " ind2=" " tag="999"><subfield code="a">zlea</subfield></datafield></record>