</MetadataObject><PersonObject OrderIndex="41" PartyRelation="CONTRIBUTOR"><PartyName>Joanna. Filipek</PartyName><Identifiers><Identifier>1000017096732</Identifier><Scope>TEL</Scope></Identifiers><FirstNames>Joanna.</FirstNames><Surname>Filipek</Surname></PersonObject><LinkObject FieldSource="TEL" LinkTarget="CATALOGUE_RECORD" OrderIndex="52"><Url>http://alpha.bn.org.pl/record=b1152831*pol</Url><LinkStatus>NOT_CHECKED</LinkStatus></LinkObject></MetadataRecord>
<MetadataRecord xmlns="http://theeuropeanlibrary.org/internal_object_model" ID="2000048756432"><BibliographicLevelObject OrderIndex="37">MONOGRAPH</BibliographicLevelObject><CatalogingFormObject OrderIndex="36">ISBD</CatalogingFormObject><TitleObject OrderIndex="42" TitleType="MAIN"><Title>Political dissent and opposition in Poland</Title><SubTitle>the Workers' Defence Committee "KOR"</SubTitle></TitleObject><IdentifierObject IdentifierType="LOCAL_IDENTIFIER" OrderIndex="28"><Identifier>b11528217</Identifier></IdentifierObject><IdentifierObject IdentifierType="OAIPMH" OrderIndex="30"><Identifier>urn:theeuropeanlibrary.org:a0232:b11528217</Identifier></IdentifierObject><IdentifierObject IdentifierType="LOCAL_IDENTIFIER" OrderIndex="39"><Identifier>b11528217</Identifier><Scope>a0232</Scope></IdentifierObject><IdentifierObject IdentifierType="ISBN" OrderIndex="40"><Identifier>0275941388</Identifier></IdentifierObject><IdentifierObject ContextLevel="RECORD" FieldSource="TEL" OrderIndex="55" PartyIdentifierType="TEL"><Identifier>1000020791921</Identifier><Scope>TEL</Scope></IdentifierObject><IdentifierObject ContextLevel="RECORD" FieldSource="TEL" OrderIndex="56" PartyIdentifierType="TEL"><Identifier>3000003161243</Identifier><Scope>TEL</Scope></IdentifierObject><IdentifierObject ContextLevel="RECORD" FieldSource="TEL" OrderIndex="57" PartyIdentifierType="TEL"><Identifier>2000074827540</Identifier><Scope>TEL</Scope></IdentifierObject><IdentifierObject ContextLevel="RECORD" FieldSource="TEL" OrderIndex="58" PartyIdentifierType="TEL"><Identifier>2000077911104</Identifier><Scope>TEL</Scope></IdentifierObject><IdentifierObject ContextLevel="CONTENT" FieldSource="TEL" OrderIndex="59" PartyIdentifierType="TEL"><Identifier>1000022466669</Identifier><Scope>TEL</Scope></IdentifierObject><IdentifierObject ContextLevel="RECORD" FieldSource="TEL" OrderIndex="60" SpatialIdentifierType="TEL"><Identifier>1000005368670</Identifier><Scope>TEL</Scope></IdentifierObject><IdentifierObject ContextLevel="RECORD" FieldSource="TEL" OrderIndex="61" SpatialIdentifierType="TEL"><Identifier>1000009810121</Identifier><Scope>TEL</Scope></IdentifierObject><IllustrationsObject OrderIndex="35">NO_ILLUSTRATIONS</IllustrationsObject><SpatialEntityObject OrderIndex="49" SpatialRelation="PUBLICATION"><Identifiers><Identifier>US</Identifier><Scope>ISO3166</Scope></Identifiers></SpatialEntityObject><NamedPlaceObject OrderIndex="46" SpatialRelation="PUBLICATION"><Identifiers><Identifier>1000009810121</Identifier><Scope>TEL</Scope></Identifiers><PlaceName>Westport,CT ;</PlaceName></NamedPlaceObject><NamedPlaceObject OrderIndex="47" SpatialRelation="PUBLICATION"><Identifiers><Identifier>1000005368670</Identifier><Scope>TEL</Scope></Identifiers><PlaceName>London</PlaceName></NamedPlaceObject><PrintTypeObject OrderIndex="34">PRINTED</PrintTypeObject><ProvenanceObject OrderIndex="31"><CollectionId>a0232</CollectionId><ProviderId>P01214</ProviderId></ProvenanceObject><StatusObject OrderIndex="27">UPDATED</StatusObject><TextObject OrderIndex="41" TextRelation="STATEMENT_OF_RESPONSIBILITY"><Content>Robert Zuzowski.</Content></TextObject><TextObject OrderIndex="51" TextRelation="EXTENT"><Content>[12], 293, [2] s., [10] s.tabl. ;</Content></TextObject><TextObject OrderIndex="52" TextRelation="EXTENT"><Content>25 cm.</Content></TextObject><TextObject OrderIndex="53" TextRelation="DESCRIPTION"><Content>Bibliogr. s.271-280. - Indeks.</Content></TextObject><OrganizationObject OrderIndex="48" PartyRelation="PUBLISHER"><PartyName>Praeger</PartyName><Identifiers><Identifier>3000003161243</Identifier><Scope>TEL</Scope></Identifiers></OrganizationObject><OrganizationObject OrderIndex="50" PartyRelation="SUBJECT"><PartyName>Komitet Samoobrony Społecznej KOR</PartyName><Identifiers><Identifier>1000022466669</Identifier><Scope>TEL</Scope></Identifiers><Subject/></OrganizationObject><LanguageObject LanguageRelation="LANGUAGE_OF_CONTENT" OrderIndex="45">FRE</LanguageObject><ResourceTypeObject OrderIndex="33">TEXT</ResourceTypeObject><AudienceObject OrderIndex="38">UNKNOW</AudienceObject><InstantObject OrderIndex="29" TemporalRelation="OP_LOADED"><Time>1358943216000</Time><Granularity>SECOND</Granularity><Uncertain>false</Uncertain></InstantObject><InstantObject OrderIndex="44" TemporalRelation="PUBLICATION"><Time>694224000000</Time><Granularity>YEAR</Granularity><Uncertain>false</Uncertain></InstantObject><MetadataObject FieldSource="PROVIDER" Format="marc21" OrderIndex="32"><record xmlns="info:lc/xmlns/marcxchange-v1"><leader>00768nam a2200229 i 4500</leader><controlfield tag="001">b11528217</controlfield><controlfield tag="008">981002s1992    xxu          |001 0 fre d</controlfield><datafield ind1=" " ind2=" " tag="020"><subfield code="a">0275941388</subfield></datafield><datafield ind1=" " ind2=" " tag="040"><subfield code="a">WA N</subfield><subfield code="c">WA N</subfield></datafield><datafield ind1="1" ind2=" " tag="100"><subfield code="a">Zuzowski, Robert.</subfield></datafield><datafield ind1="1" ind2="0" tag="245"><subfield code="a">Political dissent and opposition in Poland :</subfield><subfield code="b">the Workers' Defence Committee "KOR" /</subfield><subfield code="c">Robert Zuzowski.</subfield></datafield><datafield ind1=" " ind2=" " tag="260"><subfield code="a">Westport,CT ;</subfield><subfield code="a">London :</subfield><subfield code="b">Praeger,</subfield><subfield code="c">1992.</subfield></datafield><datafield ind1=" " ind2=" " tag="300"><subfield code="a">[12], 293, [2] s., [10] s.tabl. ;</subfield><subfield code="c">25 cm.</subfield></datafield><datafield ind1=" " ind2=" " tag="504"><subfield code="a">Bibliogr. s.271-280. - Indeks.</subfield></datafield><datafield ind1="2" ind2="4" tag="610"><subfield code="a">Komitet Samoobrony Społecznej KOR</subfield></datafield><datafield ind1=" " ind2=" " tag="902"><subfield code="a">121219</subfield><subfield code="c">981005</subfield><subfield code="d">m</subfield><subfield code="e">a</subfield><subfield code="f">-</subfield><subfield code="g">0</subfield></datafield><datafield ind1=" " ind2=" " tag="907"><subfield code="b">bk   </subfield><subfield code="c">-</subfield></datafield><datafield ind1=" " ind2=" " tag="920"><subfield code="a">0-275-94138-8</subfield></datafield><datafield ind1=" " ind2=" " tag="960"><subfield code="a">II 1.840.147 A</subfield><subfield code="c">bk   </subfield><subfield code="d">30001009334029</subfield><subfield code="h">1994 k 54</subfield><subfield code="i">Z 0,00</subfield><subfield code="l">-</subfield><subfield code="o">0</subfield></datafield><datafield ind1=" " ind2=" " tag="996"><subfield code="a">.b11528217</subfield></datafield><datafield ind1=" " ind2=" " tag="998"><subfield code="a">ik</subfield><subfield code="a">o</subfield></datafield><datafield ind1=" " ind2=" " tag="999"><subfield code="a">zlJB</subfield></datafield></record>