</MetadataObject><PersonObject OrderIndex="43" PartyRelation="CREATOR"><PartyName>Robert. Zuzowski</PartyName><Identifiers><Identifier>1000020791921</Identifier><Scope>TEL</Scope></Identifiers><Identifiers><Identifier>2000074827540</Identifier><Scope>TEL</Scope></Identifiers><Identifiers><Identifier>2000077911104</Identifier><Scope>TEL</Scope></Identifiers><FirstNames>Robert.</FirstNames><Surname>Zuzowski</Surname></PersonObject><LinkObject FieldSource="TEL" LinkTarget="CATALOGUE_RECORD" OrderIndex="54"><Url>http://alpha.bn.org.pl/record=b1152821*pol</Url><LinkStatus>NOT_CHECKED</LinkStatus></LinkObject></MetadataRecord>
<MetadataRecord xmlns="http://theeuropeanlibrary.org/internal_object_model" ID="2000048756518"><BibliographicLevelObject OrderIndex="43">MONOGRAPH</BibliographicLevelObject><CatalogingFormObject OrderIndex="42">ISBD</CatalogingFormObject><TitleObject OrderIndex="47" TitleType="MAIN"><Title>Polska cała</Title><SubTitle>katalog starych książek, map i rycin XV-XIX wieku Polski dotyczących : w zbiorach Muzeum Polskiego w Rapperswilu z kolekcji Romana Umiastowskiego</SubTitle></TitleObject><IdentifierObject IdentifierType="LOCAL_IDENTIFIER" OrderIndex="33"><Identifier>b1152909x</Identifier></IdentifierObject><IdentifierObject IdentifierType="OAIPMH" OrderIndex="35"><Identifier>urn:theeuropeanlibrary.org:a0232:b1152909x</Identifier></IdentifierObject><IdentifierObject IdentifierType="LOCAL_IDENTIFIER" OrderIndex="45"><Identifier>b1152909x</Identifier><Scope>a0232</Scope></IdentifierObject><IdentifierObject ContextLevel="RECORD" FieldSource="TEL" OrderIndex="65" PartyIdentifierType="TEL"><Identifier>1000022299580</Identifier><Scope>TEL</Scope></IdentifierObject><IdentifierObject ContextLevel="RECORD" FieldSource="TEL" OrderIndex="66" PartyIdentifierType="TEL"><Identifier>1000021598126</Identifier><Scope>TEL</Scope></IdentifierObject><IdentifierObject ContextLevel="RECORD" FieldSource="TEL" OrderIndex="67" PartyIdentifierType="TEL"><Identifier>1000021269059</Identifier><Scope>TEL</Scope></IdentifierObject><IdentifierObject ContextLevel="RECORD" FieldSource="TEL" OrderIndex="68" PartyIdentifierType="TEL"><Identifier>1000021810480</Identifier><Scope>TEL</Scope></IdentifierObject><IdentifierObject ContextLevel="CONTENT" FieldSource="TEL" OrderIndex="69" SpatialIdentifierType="TEL"><Identifier>1000005396646</Identifier><Scope>TEL</Scope></IdentifierObject><IllustrationsObject OrderIndex="40">ILLUSTRATIONS</IllustrationsObject><IllustrationsObject OrderIndex="41">NO_ILLUSTRATIONS</IllustrationsObject><SpatialEntityObject OrderIndex="55" SpatialRelation="PUBLICATION"><Identifiers><Identifier>CH</Identifier><Scope>ISO3166</Scope></Identifiers></SpatialEntityObject><NamedPlaceObject OrderIndex="53" SpatialRelation="PUBLICATION"><PlaceName>Rapperswill/Suisse</PlaceName></NamedPlaceObject><NamedPlaceObject OrderIndex="58" SpatialRelation="SUBJECT"><PlaceName>Rapperswil (Szwajcaria)</PlaceName><Subject><GeneralSubdivision>muzealnictwo</GeneralSubdivision></Subject></NamedPlaceObject><PrintTypeObject OrderIndex="39">PRINTED</PrintTypeObject><ProvenanceObject OrderIndex="36"><CollectionId>a0232</CollectionId><ProviderId>P01214</ProviderId></ProvenanceObject><StatusObject OrderIndex="32">UPDATED</StatusObject><TextObject OrderIndex="46" TextRelation="STATEMENT_OF_RESPONSIBILITY"><Content>[oprac. ryc. przez Łucję Morkowską, mapy i atlasy przez Piotra Mojskiego, książki przez Danutę Żurkowską].</Content></TextObject><TextObject OrderIndex="60" TextRelation="FORMAT_UNCONTROLED"><Content>fot. ;</Content></TextObject><TextObject OrderIndex="61" TextRelation="EXTENT"><Content>199, [1] s. :</Content></TextObject><TextObject OrderIndex="62" TextRelation="EXTENT"><Content>25 cm.</Content></TextObject><TextObject NoteType="GENERAL" OrderIndex="63" TextRelation="NOTE"><Content>Nazw. aut. w nocie ”Od wydawcy“.</Content></TextObject><OrganizationObject OrderIndex="54" PartyRelation="PUBLISHER"><PartyName>Muzeum Polskie</PartyName><Identifiers><Identifier>1000022299580</Identifier><Scope>TEL</Scope></Identifiers></OrganizationObject><OrganizationObject OrderIndex="56" PartyRelation="SUBJECT"><PartyName>Muzeum Polskie (Rapperswil).</PartyName><Subdivision>Biblioteka</Subdivision><Subject><GeneralSubdivision>zbiory</GeneralSubdivision></Subject></OrganizationObject><LanguageObject LanguageRelation="LANGUAGE_OF_CONTENT" OrderIndex="52">POL</LanguageObject><ResourceTypeObject OrderIndex="38">TEXT</ResourceTypeObject><TopicObject OrderIndex="57"><GeneralSubdivision>zbiory</GeneralSubdivision><GeographicSubdivision><NamedPlace><Identifiers><Identifier>1000005396646</Identifier><Scope>TEL</Scope></Identifiers><PlaceName>Szwajcaria</PlaceName></NamedPlace></GeographicSubdivision><TopicName>Polonica</TopicName></TopicObject><TopicObject OrderIndex="59"><TopicName>Katalogi zbiorów</TopicName></TopicObject><AudienceObject OrderIndex="44">UNKNOW</AudienceObject><InstantObject OrderIndex="34" TemporalRelation="OP_LOADED"><Time>1358943216000</Time><Granularity>SECOND</Granularity><Uncertain>false</Uncertain></InstantObject><InstantObject OrderIndex="51" TemporalRelation="PUBLICATION"><Time>662688000000</Time><Granularity>YEAR</Granularity><Uncertain>false</Uncertain></InstantObject><MetadataObject FieldSource="PROVIDER" Format="marc21" OrderIndex="37"><record xmlns="info:lc/xmlns/marcxchange-v1"><leader>01463nam a2200337 i 4500</leader><controlfield tag="001">b1152909x</controlfield><controlfield tag="008">981002s1991    sz a         |000 0 pol  </controlfield><datafield ind1=" " ind2=" " tag="040"><subfield code="a">WA N</subfield><subfield code="c">WA N</subfield></datafield><datafield ind1="1" ind2=" " tag="100"><subfield code="a">Żurkowska, Danuta.</subfield></datafield><datafield ind1="1" ind2="0" tag="245"><subfield code="a">Polska cała :</subfield><subfield code="b">katalog starych książek, map i rycin XV-XIX wieku Polski dotyczących : w zbiorach Muzeum Polskiego w Rapperswilu z kolekcji Romana Umiastowskiego /</subfield><subfield code="c">[oprac. ryc. przez Łucję Morkowską, mapy i atlasy przez Piotra Mojskiego, książki przez Danutę Żurkowską].</subfield></datafield><datafield ind1=" " ind2=" " tag="260"><subfield code="a">Rapperswill/Suisse :</subfield><subfield code="b">Muzeum Polskie,</subfield><subfield code="c">1991</subfield><subfield code="e">(Warszawa :</subfield><subfield code="f">Arx Regia. Ośrodek Wydaw. Zamku Królewskiego w Warszawie).</subfield></datafield><datafield ind1=" " ind2=" " tag="300"><subfield code="a">199, [1] s. :</subfield><subfield code="b">fot. ;</subfield><subfield code="c">25 cm.</subfield></datafield><datafield ind1=" " ind2=" " tag="500"><subfield code="a">Nazw. aut. w nocie ”Od wydawcy“.</subfield></datafield><datafield ind1="2" ind2="4" tag="610"><subfield code="a">Muzeum Polskie (Rapperswil).</subfield><subfield code="b">Biblioteka</subfield><subfield code="x">zbiory</subfield></datafield><datafield ind1=" " ind2="4" tag="650"><subfield code="a">Polonica</subfield><subfield code="x">zbiory</subfield><subfield code="z">Szwajcaria</subfield></datafield><datafield ind1=" " ind2="4" tag="651"><subfield code="a">Rapperswil (Szwajcaria)</subfield><subfield code="x">muzealnictwo</subfield><subfield code="x">zbiory</subfield></datafield><datafield ind1=" " ind2="4" tag="655"><subfield code="a">Katalogi zbiorów</subfield></datafield><datafield ind1="1" ind2=" " tag="700"><subfield code="a">Mojski, Piotr.</subfield></datafield><datafield ind1="1" ind2=" " tag="700"><subfield code="a">Morkowska, Łucja.</subfield></datafield><datafield ind1=" " ind2=" " tag="902"><subfield code="a">121211</subfield><subfield code="c">981005</subfield><subfield code="d">m</subfield><subfield code="e">a</subfield><subfield code="f">-</subfield><subfield code="g">0</subfield></datafield><datafield ind1=" " ind2=" " tag="907"><subfield code="b">multi</subfield><subfield code="c">-</subfield></datafield><datafield ind1=" " ind2=" " tag="920"><subfield code="a">Oprawa miękka</subfield></datafield><datafield ind1=" " ind2=" " tag="960"><subfield code="a">II 1.840.350 A</subfield><subfield code="c">bk   </subfield><subfield code="d">30001009336436</subfield><subfield code="h">1994 d 216/15</subfield><subfield code="i">Z 0,00</subfield><subfield code="l">-</subfield><subfield code="o">0</subfield></datafield><datafield ind1=" " ind2=" " tag="960"><subfield code="a">094/096 Żur</subfield><subfield code="b">991.759</subfield><subfield code="c">achum</subfield><subfield code="h">1994 d 927/3</subfield><subfield code="i">Z 0,25</subfield><subfield code="k">1</subfield><subfield code="l">p</subfield><subfield code="o">1</subfield></datafield><datafield ind1=" " ind2=" " tag="960"><subfield code="a">991.755</subfield><subfield code="c">bzdk </subfield><subfield code="h">1994 d 927/4</subfield><subfield code="i">Z 0,25</subfield><subfield code="k">1</subfield><subfield code="l">-</subfield><subfield code="o">1</subfield></datafield><datafield ind1=" " ind2=" " tag="960"><subfield code="a">991.758</subfield><subfield code="c">bzdk </subfield><subfield code="h">1994 d 927/5</subfield><subfield code="i">Z 0,25</subfield><subfield code="k">1</subfield><subfield code="l">-</subfield><subfield code="o">1</subfield></datafield><datafield ind1=" " ind2=" " tag="996"><subfield code="a">.b1152909x</subfield></datafield><datafield ind1=" " ind2=" " tag="998"><subfield code="a">ik</subfield><subfield code="a">o</subfield></datafield><datafield ind1=" " ind2=" " tag="999"><subfield code="a">zlAT</subfield></datafield><datafield ind1=" " ind2=" " tag="999"><subfield code="a">ck</subfield><subfield code="b">rg</subfield></datafield><datafield ind1=" " ind2=" " tag="999"><subfield code="a">ae</subfield></datafield></record>