</MetadataObject><PersonObject OrderIndex="48" PartyRelation="CREATOR"><PartyName>Danuta. Żurkowska</PartyName><Identifiers><Identifier>1000021810480</Identifier><Scope>TEL</Scope></Identifiers><FirstNames>Danuta.</FirstNames><Surname>Żurkowska</Surname></PersonObject><PersonObject OrderIndex="49" PartyRelation="CONTRIBUTOR"><PartyName>Piotr. Mojski</PartyName><Identifiers><Identifier>1000021598126</Identifier><Scope>TEL</Scope></Identifiers><FirstNames>Piotr.</FirstNames><Surname>Mojski</Surname></PersonObject><PersonObject OrderIndex="50" PartyRelation="CONTRIBUTOR"><PartyName>Łucja. Morkowska</PartyName><Identifiers><Identifier>1000021269059</Identifier><Scope>TEL</Scope></Identifiers><FirstNames>Łucja.</FirstNames><Surname>Morkowska</Surname></PersonObject><LinkObject FieldSource="TEL" LinkTarget="CATALOGUE_RECORD" OrderIndex="64"><Url>http://alpha.bn.org.pl/record=b1152909*pol</Url><LinkStatus>NOT_CHECKED</LinkStatus></LinkObject></MetadataRecord>
<MetadataRecord xmlns="http://theeuropeanlibrary.org/internal_object_model" ID="2000048756540"><BibliographicLevelObject OrderIndex="46">MONOGRAPH</BibliographicLevelObject><CatalogingFormObject OrderIndex="45">ISBD</CatalogingFormObject><TitleObject OrderIndex="50" TitleType="MAIN"><Title>Polish-Jewish relations during the Second World War</Title></TitleObject><TitleObject OrderIndex="51" TitleType="ALTERNATIVE"><Title>Stosunki polsko-żydowskie w czasie II wojny światowej</Title></TitleObject><IdentifierObject IdentifierType="LOCAL_IDENTIFIER" OrderIndex="36"><Identifier>b11529337</Identifier></IdentifierObject><IdentifierObject IdentifierType="OAIPMH" OrderIndex="38"><Identifier>urn:theeuropeanlibrary.org:a0232:b11529337</Identifier></IdentifierObject><IdentifierObject IdentifierType="LOCAL_IDENTIFIER" OrderIndex="48"><Identifier>b11529337</Identifier><Scope>a0232</Scope></IdentifierObject><IdentifierObject IdentifierType="ISBN" OrderIndex="49"><Identifier>0810109638</Identifier></IdentifierObject><IdentifierObject ContextLevel="RECORD" FieldSource="TEL" OrderIndex="71" PartyIdentifierType="TEL"><Identifier>1000015774335</Identifier><Scope>TEL</Scope></IdentifierObject><IdentifierObject ContextLevel="RECORD" FieldSource="TEL" OrderIndex="72" PartyIdentifierType="TEL"><Identifier>3000004277589</Identifier><Scope>TEL</Scope></IdentifierObject><IdentifierObject ContextLevel="RECORD" FieldSource="TEL" OrderIndex="73" PartyIdentifierType="TEL"><Identifier>2000078043913</Identifier><Scope>TEL</Scope></IdentifierObject><IdentifierObject ContextLevel="RECORD" FieldSource="TEL" OrderIndex="74" PartyIdentifierType="TEL"><Identifier>1000015072299</Identifier><Scope>TEL</Scope></IdentifierObject><IdentifierObject ContextLevel="RECORD" FieldSource="TEL" OrderIndex="75" PartyIdentifierType="TEL"><Identifier>3000003984692</Identifier><Scope>TEL</Scope></IdentifierObject><IdentifierObject ContextLevel="RECORD" FieldSource="TEL" OrderIndex="76" PartyIdentifierType="TEL"><Identifier>1000020788311</Identifier><Scope>TEL</Scope></IdentifierObject><IdentifierObject ContextLevel="RECORD" FieldSource="TEL" OrderIndex="77" PartyIdentifierType="TEL"><Identifier>1000007496546</Identifier><Scope>TEL</Scope></IdentifierObject><IdentifierObject ContextLevel="RECORD" FieldSource="TEL" OrderIndex="78" PartyIdentifierType="TEL"><Identifier>1000016701010</Identifier><Scope>TEL</Scope></IdentifierObject><IdentifierObject ContextLevel="RECORD" FieldSource="TEL" OrderIndex="79" PartyIdentifierType="TEL"><Identifier>1000000157911</Identifier><Scope>TEL</Scope></IdentifierObject><IdentifierObject ContextLevel="RECORD" FieldSource="TEL" OrderIndex="80" PartyIdentifierType="TEL"><Identifier>1000021355714</Identifier><Scope>TEL</Scope></IdentifierObject><IdentifierObject ContextLevel="RECORD" FieldSource="TEL" OrderIndex="81" PartyIdentifierType="TEL"><Identifier>1000022252073</Identifier><Scope>TEL</Scope></IdentifierObject><IdentifierObject ContextLevel="RECORD" FieldSource="TEL" OrderIndex="82" PartyIdentifierType="TEL"><Identifier>1000021305125</Identifier><Scope>TEL</Scope></IdentifierObject><IdentifierObject ContextLevel="RECORD" FieldSource="TEL" OrderIndex="83" PartyIdentifierType="TEL"><Identifier>2000076956749</Identifier><Scope>TEL</Scope></IdentifierObject><IdentifierObject ContextLevel="RECORD" FieldSource="TEL" OrderIndex="84" PartyIdentifierType="TEL"><Identifier>2000074690313</Identifier><Scope>TEL</Scope></IdentifierObject><IllustrationsObject OrderIndex="43">ILLUSTRATIONS</IllustrationsObject><IllustrationsObject OrderIndex="44">NO_ILLUSTRATIONS</IllustrationsObject><SpatialEntityObject OrderIndex="62" SpatialRelation="PUBLICATION"><Identifiers><Identifier>US</Identifier><Scope>ISO3166</Scope></Identifiers></SpatialEntityObject><NamedPlaceObject OrderIndex="60" SpatialRelation="PUBLICATION"><PlaceName>Evanston, IL</PlaceName></NamedPlaceObject><NamedPlaceObject OrderIndex="65" SpatialRelation="SUBJECT"><PlaceName>Polska</PlaceName><Subject><GeneralSubdivision>stosunki etniczne</GeneralSubdivision><ChronologicalSubdivision><Instant><Time>-931050000000</Time><Granularity>MONTH</Granularity><Uncertain>false</Uncertain></Instant></ChronologicalSubdivision></Subject></NamedPlaceObject><PrintTypeObject OrderIndex="42">PRINTED</PrintTypeObject><ProvenanceObject OrderIndex="39"><CollectionId>a0232</CollectionId><ProviderId>P01214</ProviderId></ProvenanceObject><StatusObject OrderIndex="35">UPDATED</StatusObject><TextObject OrderIndex="66" TextRelation="FORMAT_UNCONTROLED"><Content>il. ;</Content></TextObject><TextObject OrderIndex="67" TextRelation="EXTENT"><Content>XLVI, 330 s., [2] s. faks. :</Content></TextObject><TextObject OrderIndex="68" TextRelation="EXTENT"><Content>22 cm.</Content></TextObject><TextObject OrderIndex="69" TextRelation="DESCRIPTION"><Content>Indeks.</Content></TextObject><OrganizationObject OrderIndex="61" PartyRelation="PUBLISHER"><PartyName>Northwestern Univ. Press</PartyName></OrganizationObject><LanguageObject LanguageRelation="LANGUAGE_OF_CONTENT" OrderIndex="59">ENG</LanguageObject><ResourceTypeObject OrderIndex="41">TEXT</ResourceTypeObject><TopicObject OrderIndex="63"><ChronologicalSubdivision><Instant><Time>-931050000000</Time><Granularity>MONTH</Granularity><Uncertain>false</Uncertain></Instant></ChronologicalSubdivision><GeographicSubdivision><NamedPlace><PlaceName>Polska</PlaceName></NamedPlace></GeographicSubdivision><TopicName>Antysemityzm</TopicName></TopicObject><TopicObject OrderIndex="64"><ChronologicalSubdivision><Instant><Time>-931050000000</Time><Granularity>MONTH</Granularity><Uncertain>false</Uncertain></Instant></ChronologicalSubdivision><GeographicSubdivision><NamedPlace><PlaceName>Polska</PlaceName></NamedPlace></GeographicSubdivision><TopicName>Żydzi</TopicName></TopicObject><AudienceObject OrderIndex="47">UNKNOW</AudienceObject><InstantObject OrderIndex="37" TemporalRelation="OP_LOADED"><Time>1358943216000</Time><Granularity>SECOND</Granularity><Uncertain>false</Uncertain></InstantObject><InstantObject OrderIndex="58" TemporalRelation="PUBLICATION"><Time>694224000000</Time><Granularity>YEAR</Granularity><Uncertain>false</Uncertain></InstantObject><MetadataObject FieldSource="PROVIDER" Format="marc21" OrderIndex="40"><record xmlns="info:lc/xmlns/marcxchange-v1"><leader>01444nam a2200373 i 4500</leader><controlfield tag="001">b11529337</controlfield><controlfield tag="008">981002s1992    xxua         |001 0 eng d</controlfield><datafield ind1=" " ind2=" " tag="020"><subfield code="a">0810109638</subfield></datafield><datafield ind1=" " ind2=" " tag="040"><subfield code="a">WA N</subfield><subfield code="c">WA N</subfield></datafield><datafield ind1="1" ind2=" " tag="041"><subfield code="a">eng</subfield><subfield code="h">pol</subfield></datafield><datafield ind1="1" ind2=" " tag="100"><subfield code="a">Ringelblum, Emanuel</subfield><subfield code="d">(1900-1944).</subfield></datafield><datafield ind1="1" ind2="0" tag="245"><subfield code="a">Polish-Jewish relations during the Second World War /</subfield><subfield code="c">Emmanuel Ringelblum ; ed. and with footnotes by Joseph Kermish, Shmuel Krakowski ; transl. from the Polish by Dafna Allon, Danuta Dabrowska and Dana Keren.</subfield></datafield><datafield ind1="1" ind2=" " tag="246"><subfield code="i">Tyt. oryg.:</subfield><subfield code="a">Stosunki polsko-żydowskie w czasie II wojny światowej</subfield></datafield><datafield ind1=" " ind2=" " tag="260"><subfield code="a">Evanston, IL :</subfield><subfield code="b">Northwestern Univ. Press,</subfield><subfield code="c">1992.</subfield></datafield><datafield ind1=" " ind2=" " tag="300"><subfield code="a">XLVI, 330 s., [2] s. faks. :</subfield><subfield code="b">il. ;</subfield><subfield code="c">22 cm.</subfield></datafield><datafield ind1=" " ind2=" " tag="504"><subfield code="a">Indeks.</subfield></datafield><datafield ind1=" " ind2="4" tag="650"><subfield code="a">Antysemityzm</subfield><subfield code="z">Polska</subfield><subfield code="y">1939-1945 r.</subfield></datafield><datafield ind1=" " ind2="4" tag="650"><subfield code="a">Żydzi</subfield><subfield code="z">Polska</subfield><subfield code="y">1939-1945 r.</subfield></datafield><datafield ind1=" " ind2="4" tag="651"><subfield code="a">Polska</subfield><subfield code="x">stosunki etniczne</subfield><subfield code="y">1939-1945 r.</subfield></datafield><datafield ind1="1" ind2=" " tag="700"><subfield code="a">Kermisz, Józef</subfield><subfield code="d">(1907- 2005).</subfield><subfield code="e">Oprac.</subfield></datafield><datafield ind1="1" ind2=" " tag="700"><subfield code="a">Krakowski, Shmuel</subfield><subfield code="d">(1926- ).</subfield><subfield code="e">Red.</subfield></datafield><datafield ind1="1" ind2=" " tag="700"><subfield code="a">Allon, Dafna.</subfield><subfield code="e">Tł.</subfield></datafield><datafield ind1="1" ind2=" " tag="700"><subfield code="a">Dąbrowska, Danuta</subfield><subfield code="c">(tłumacz).</subfield><subfield code="e">Tł.</subfield></datafield><datafield ind1="1" ind2=" " tag="700"><subfield code="a">Keren, Dana.</subfield><subfield code="e">Tł.</subfield></datafield><datafield ind1=" " ind2=" " tag="902"><subfield code="a">121219</subfield><subfield code="c">981005</subfield><subfield code="d">m</subfield><subfield code="e">a</subfield><subfield code="f">-</subfield><subfield code="g">0</subfield></datafield><datafield ind1=" " ind2=" " tag="907"><subfield code="b">bk   </subfield><subfield code="c">-</subfield></datafield><datafield ind1=" " ind2=" " tag="920"><subfield code="a">0-8101-0963-8 alk.paper</subfield></datafield><datafield ind1=" " ind2=" " tag="960"><subfield code="a">II 1.702.842</subfield><subfield code="c">bk   </subfield><subfield code="d">30001005182532</subfield><subfield code="h">1994 w 299/6</subfield><subfield code="i">Z 0,60</subfield><subfield code="k">1</subfield><subfield code="l">-</subfield><subfield code="o">1</subfield></datafield><datafield ind1=" " ind2=" " tag="960"><subfield code="a">II 1.358.277 A</subfield><subfield code="c">bk   </subfield><subfield code="h">1993 w 612/82</subfield><subfield code="i">Z 0,00</subfield><subfield code="l">-</subfield><subfield code="o">0</subfield></datafield><datafield ind1=" " ind2=" " tag="996"><subfield code="a">.b11529337</subfield></datafield><datafield ind1=" " ind2=" " tag="998"><subfield code="a">ik</subfield><subfield code="a">o</subfield></datafield><datafield ind1=" " ind2=" " tag="999"><subfield code="a">JB</subfield><subfield code="b">js</subfield></datafield><datafield ind1=" " ind2=" " tag="999"><subfield code="a">asto</subfield></datafield><datafield ind1=" " ind2=" " tag="999"><subfield code="a">mb</subfield></datafield></record>