</MetadataObject><PersonObject OrderIndex="52" PartyRelation="CREATOR"><PartyName>Emanuel Ringelblum</PartyName><Identifiers><Identifier>1000022252073</Identifier><Scope>TEL</Scope></Identifiers><LifePeriod><Start><Time>-2208988800000</Time><Granularity>YEAR</Granularity><Uncertain>false</Uncertain></Start><End><Time>-820544400000</Time><Granularity>YEAR</Granularity><Uncertain>false</Uncertain></End></LifePeriod><FirstNames>Emanuel</FirstNames><Surname>Ringelblum</Surname></PersonObject><PersonObject OrderIndex="53" PartyRelation="CONTRIBUTOR"><PartyName>Józef Kermisz</PartyName><LifePeriod><Start><Time>-1988150400000</Time><Granularity>YEAR</Granularity><Uncertain>false</Uncertain></Start></LifePeriod><FirstNames>Józef</FirstNames><Surname>Kermisz</Surname></PersonObject><PersonObject OrderIndex="54" PartyRelation="CONTRIBUTOR"><PartyName>Shmuel Krakowski</PartyName><Identifiers><Identifier>2000076956749</Identifier><Scope>TEL</Scope></Identifiers><Identifiers><Identifier>1000020788311</Identifier><Scope>TEL</Scope></Identifiers><Identifiers><Identifier>3000004277589</Identifier><Scope>TEL</Scope></Identifiers><LifePeriod><Start><Time>-1388534400000</Time><Granularity>YEAR</Granularity><Uncertain>false</Uncertain></Start></LifePeriod><FirstNames>Shmuel</FirstNames><Surname>Krakowski</Surname></PersonObject><PersonObject OrderIndex="55" PartyRelation="CONTRIBUTOR"><PartyName>Dafna. Allon</PartyName><Identifiers><Identifier>1000007496546</Identifier><Scope>TEL</Scope></Identifiers><Identifiers><Identifier>1000015072299</Identifier><Scope>TEL</Scope></Identifiers><Identifiers><Identifier>1000000157911</Identifier><Scope>TEL</Scope></Identifiers><Identifiers><Identifier>2000074690313</Identifier><Scope>TEL</Scope></Identifiers><FirstNames>Dafna.</FirstNames><Surname>Allon</Surname></PersonObject><PersonObject OrderIndex="56" PartyRelation="CONTRIBUTOR"><PartyName>Danuta Dąbrowska</PartyName><Identifiers><Identifier>1000015774335</Identifier><Scope>TEL</Scope></Identifiers><Identifiers><Identifier>1000021305125</Identifier><Scope>TEL</Scope></Identifiers><Identifiers><Identifier>1000021355714</Identifier><Scope>TEL</Scope></Identifiers><Identifiers><Identifier>1000016701010</Identifier><Scope>TEL</Scope></Identifiers><Identifiers><Identifier>3000003984692</Identifier><Scope>TEL</Scope></Identifiers><FirstNames>Danuta</FirstNames><Surname>Dąbrowska</Surname></PersonObject><PersonObject OrderIndex="57" PartyRelation="CONTRIBUTOR"><PartyName>Dana. Keren</PartyName><Identifiers><Identifier>2000078043913</Identifier><Scope>TEL</Scope></Identifiers><FirstNames>Dana.</FirstNames><Surname>Keren</Surname></PersonObject><LinkObject FieldSource="TEL" LinkTarget="CATALOGUE_RECORD" OrderIndex="70"><Url>http://alpha.bn.org.pl/record=b1152933*pol</Url><LinkStatus>NOT_CHECKED</LinkStatus></LinkObject></MetadataRecord>
<MetadataRecord xmlns="http://theeuropeanlibrary.org/internal_object_model" ID="2000048756530"><BibliographicLevelObject OrderIndex="42">MONOGRAPH</BibliographicLevelObject><CatalogingFormObject OrderIndex="41">ISBD</CatalogingFormObject><TitleObject OrderIndex="45" TitleType="MAIN"><Title>Les intermèdes comiques italiens au XVIIIe siecle en France et en Italie</Title></TitleObject><IdentifierObject IdentifierType="LOCAL_IDENTIFIER" OrderIndex="32"><Identifier>b11529222</Identifier></IdentifierObject><IdentifierObject IdentifierType="OAIPMH" OrderIndex="34"><Identifier>urn:theeuropeanlibrary.org:a0232:b11529222</Identifier></IdentifierObject><IdentifierObject IdentifierType="LOCAL_IDENTIFIER" OrderIndex="44"><Identifier>b11529222</Identifier><Scope>a0232</Scope></IdentifierObject><IdentifierObject ContextLevel="RECORD" FieldSource="TEL" OrderIndex="63" PartyIdentifierType="TEL"><Identifier>1000021903367</Identifier><Scope>TEL</Scope></IdentifierObject><IdentifierObject ContextLevel="RECORD" FieldSource="TEL" OrderIndex="64" SpatialIdentifierType="TEL"><Identifier>1000006057437</Identifier><Scope>TEL</Scope></IdentifierObject><IllustrationsObject OrderIndex="39">ILLUSTRATIONS</IllustrationsObject><IllustrationsObject OrderIndex="40">NO_ILLUSTRATIONS</IllustrationsObject><SpatialEntityObject OrderIndex="51" SpatialRelation="PUBLICATION"><Identifiers><Identifier>FR</Identifier><Scope>ISO3166</Scope></Identifiers></SpatialEntityObject><NamedPlaceObject OrderIndex="49" SpatialRelation="PUBLICATION"><Identifiers><Identifier>1000006057437</Identifier><Scope>TEL</Scope></Identifiers><PlaceName>Paris</PlaceName></NamedPlaceObject><PrintTypeObject OrderIndex="38">PRINTED</PrintTypeObject><ProvenanceObject OrderIndex="35"><CollectionId>a0232</CollectionId><ProviderId>P01214</ProviderId></ProvenanceObject><StatusObject OrderIndex="31">UPDATED</StatusObject><TextObject OrderIndex="58" TextRelation="FORMAT_UNCONTROLED"><Content>nuty, err. ;</Content></TextObject><TextObject OrderIndex="59" TextRelation="EXTENT"><Content>684, [1] s., [28] s. tabl. :</Content></TextObject><TextObject OrderIndex="60" TextRelation="EXTENT"><Content>28 cm.</Content></TextObject><TextObject OrderIndex="61" TextRelation="DESCRIPTION"><Content>Bibliogr.</Content></TextObject><OrganizationObject OrderIndex="50" PartyRelation="PUBLISHER"><PartyName>Édit. du Centre Nat. de la Recherche Scientifique</PartyName></OrganizationObject><LanguageObject LanguageRelation="LANGUAGE_OF_CONTENT" OrderIndex="48">FRE</LanguageObject><ResourceTypeObject OrderIndex="37">TEXT</ResourceTypeObject><TopicObject OrderIndex="52"><GeneralSubdivision>historia</GeneralSubdivision><ChronologicalSubdivision><Instant><Time>-61599312000000</Time><Granularity>YEAR</Granularity><Uncertain>false</Uncertain></Instant></ChronologicalSubdivision><TopicName>Teatr francuski</TopicName></TopicObject><TopicObject OrderIndex="53"><ChronologicalSubdivision><Instant><Time>-61599312000000</Time><Granularity>YEAR</Granularity><Uncertain>false</Uncertain></Instant></ChronologicalSubdivision><TopicName>Intermedium włoskie (lit.)</TopicName></TopicObject><TopicObject OrderIndex="54"><GeneralSubdivision>historia</GeneralSubdivision><ChronologicalSubdivision><Instant><Time>-61599312000000</Time><Granularity>YEAR</Granularity><Uncertain>false</Uncertain></Instant></ChronologicalSubdivision><TopicName>Intermedium włoskie (lit.)</TopicName></TopicObject><TopicObject OrderIndex="55"><GeneralSubdivision>zbiory</GeneralSubdivision><TopicName>Intermedium włoskie (lit.)</TopicName></TopicObject><TopicObject OrderIndex="56"><TopicName>Bibliografia</TopicName></TopicObject><TopicObject OrderIndex="57"><TopicName>Katalogi zbiorów</TopicName></TopicObject><AudienceObject OrderIndex="43">UNKNOW</AudienceObject><InstantObject OrderIndex="33" TemporalRelation="OP_LOADED"><Time>1358943207000</Time><Granularity>SECOND</Granularity><Uncertain>false</Uncertain></InstantObject><InstantObject OrderIndex="47" TemporalRelation="PUBLICATION"><Time>63072000000</Time><Granularity>YEAR</Granularity><Uncertain>false</Uncertain></InstantObject><MetadataObject FieldSource="PROVIDER" Format="marc21" OrderIndex="36"><record xmlns="info:lc/xmlns/marcxchange-v1"><leader>01112nam a2200313 i 4500</leader><controlfield tag="001">b11529222</controlfield><controlfield tag="008">981002s1972    fr a         |000 0 fre  </controlfield><datafield ind1=" " ind2=" " tag="040"><subfield code="a">WA N</subfield><subfield code="c">WA N</subfield></datafield><datafield ind1="1" ind2=" " tag="100"><subfield code="a">Mamczarz, Irena.</subfield></datafield><datafield ind1="1" ind2="4" tag="245"><subfield code="a">Les intermèdes comiques italiens au XVIIIe siecle en France et en Italie /</subfield><subfield code="c">Irène Mamczarz.</subfield></datafield><datafield ind1=" " ind2=" " tag="260"><subfield code="a">Paris :</subfield><subfield code="b">Édit. du Centre Nat. de la Recherche Scientifique,</subfield><subfield code="c">1972.</subfield></datafield><datafield ind1=" " ind2=" " tag="300"><subfield code="a">684, [1] s., [28] s. tabl. :</subfield><subfield code="b">nuty, err. ;</subfield><subfield code="c">28 cm.</subfield></datafield><datafield ind1="1" ind2=" " tag="490"><subfield code="a">Le Choeur des Muses</subfield></datafield><datafield ind1=" " ind2=" " tag="504"><subfield code="a">Bibliogr.</subfield></datafield><datafield ind1=" " ind2="4" tag="650"><subfield code="a">Teatr francuski</subfield><subfield code="x">historia</subfield><subfield code="y">18 w.</subfield></datafield><datafield ind1=" " ind2="4" tag="655"><subfield code="a">Intermedium włoskie (lit.)</subfield><subfield code="y">18 w.</subfield></datafield><datafield ind1=" " ind2="4" tag="655"><subfield code="a">Intermedium włoskie (lit.)</subfield><subfield code="x">historia</subfield><subfield code="y">18 w.</subfield></datafield><datafield ind1=" " ind2="4" tag="655"><subfield code="a">Intermedium włoskie (lit.)</subfield><subfield code="x">zbiory</subfield></datafield><datafield ind1=" " ind2="4" tag="655"><subfield code="a">Bibliografia</subfield></datafield><datafield ind1=" " ind2="4" tag="655"><subfield code="a">Katalogi zbiorów</subfield></datafield><datafield ind1=" " ind2="3" tag="830"><subfield code="a">Collection Le Choeur des Muses</subfield></datafield><datafield ind1=" " ind2=" " tag="902"><subfield code="a">121211</subfield><subfield code="c">981005</subfield><subfield code="d">m</subfield><subfield code="e">a</subfield><subfield code="f">-</subfield><subfield code="g">0</subfield></datafield><datafield ind1=" " ind2=" " tag="907"><subfield code="b">bk   </subfield><subfield code="c">-</subfield></datafield><datafield ind1=" " ind2=" " tag="960"><subfield code="a">III 1.387.041 A</subfield><subfield code="c">bk   </subfield><subfield code="h">1991 d 760</subfield><subfield code="i">Z 0,00</subfield><subfield code="l">-</subfield><subfield code="o">0</subfield></datafield><datafield ind1=" " ind2=" " tag="960"><subfield code="a">III 1.187.398</subfield><subfield code="c">bk   </subfield><subfield code="d">30001004173466</subfield><subfield code="h">1994 w 101/7</subfield><subfield code="i">Z 0,00</subfield><subfield code="l">-</subfield><subfield code="o">1</subfield></datafield><datafield ind1=" " ind2=" " tag="996"><subfield code="a">.b11529222</subfield></datafield><datafield ind1=" " ind2=" " tag="998"><subfield code="a">ik</subfield><subfield code="a">o</subfield></datafield><datafield ind1=" " ind2=" " tag="999"><subfield code="a">zlAT</subfield></datafield><datafield ind1=" " ind2=" " tag="999"><subfield code="a">elke</subfield></datafield></record>