</MetadataObject><PersonObject OrderIndex="46" PartyRelation="CREATOR"><PartyName>Irena. Mamczarz</PartyName><Identifiers><Identifier>1000021903367</Identifier><Scope>TEL</Scope></Identifiers><FirstNames>Irena.</FirstNames><Surname>Mamczarz</Surname></PersonObject><LinkObject FieldSource="TEL" LinkTarget="CATALOGUE_RECORD" OrderIndex="62"><Url>http://alpha.bn.org.pl/record=b1152922*pol</Url><LinkStatus>NOT_CHECKED</LinkStatus></LinkObject></MetadataRecord>
<MetadataRecord xmlns="http://theeuropeanlibrary.org/internal_object_model" ID="2000048756488"><BibliographicLevelObject OrderIndex="36">MONOGRAPH</BibliographicLevelObject><CatalogingFormObject OrderIndex="35">ISBD</CatalogingFormObject><TitleObject OrderIndex="39" TitleType="MAIN"><Title>Kapitulacja Żoliborza 30. 9. 1944</Title></TitleObject><IdentifierObject IdentifierType="LOCAL_IDENTIFIER" OrderIndex="27"><Identifier>b11528783</Identifier></IdentifierObject><IdentifierObject IdentifierType="OAIPMH" OrderIndex="29"><Identifier>urn:theeuropeanlibrary.org:a0232:b11528783</Identifier></IdentifierObject><IdentifierObject IdentifierType="LOCAL_IDENTIFIER" OrderIndex="38"><Identifier>b11528783</Identifier><Scope>a0232</Scope></IdentifierObject><IdentifierObject ContextLevel="RECORD" FieldSource="TEL" OrderIndex="53" PartyIdentifierType="TEL"><Identifier>1000021609563</Identifier><Scope>TEL</Scope></IdentifierObject><IdentifierObject ContextLevel="CONTENT" FieldSource="TEL" OrderIndex="54" PartyIdentifierType="TEL"><Identifier>1000021609563</Identifier><Scope>TEL</Scope></IdentifierObject><IdentifierObject ContextLevel="RECORD" FieldSource="TEL" OrderIndex="55" SpatialIdentifierType="TEL"><Identifier>1000005368670</Identifier><Scope>TEL</Scope></IdentifierObject><IdentifierObject ContextLevel="CONTENT" FieldSource="TEL" OrderIndex="56" SpatialIdentifierType="TEL"><Identifier>1000001587202</Identifier><Scope>TEL</Scope></IdentifierObject><IllustrationsObject OrderIndex="34">NO_ILLUSTRATIONS</IllustrationsObject><SpatialEntityObject OrderIndex="45" SpatialRelation="PUBLICATION"><Identifiers><Identifier>GB</Identifier><Scope>ISO3166</Scope></Identifiers></SpatialEntityObject><NamedPlaceObject OrderIndex="43" SpatialRelation="PUBLICATION"><Identifiers><Identifier>1000005368670</Identifier><Scope>TEL</Scope></Identifiers><PlaceName>Londyn</PlaceName></NamedPlaceObject><NamedPlaceObject OrderIndex="48" SpatialRelation="SUBJECT"><Identifiers><Identifier>1000001587202</Identifier><Scope>TEL</Scope></Identifiers><PlaceName>Warszawa</PlaceName><Subject><GeneralSubdivision>Żoliborz</GeneralSubdivision><ChronologicalSubdivision><Instant><Time>-931050000000</Time><Granularity>MONTH</Granularity><Uncertain>false</Uncertain></Instant></ChronologicalSubdivision></Subject></NamedPlaceObject><PrintTypeObject OrderIndex="33">PRINTED</PrintTypeObject><ProvenanceObject OrderIndex="30"><CollectionId>a0232</CollectionId><ProviderId>P01214</ProviderId></ProvenanceObject><StatusObject OrderIndex="26">UPDATED</StatusObject><TextObject OrderIndex="50" TextRelation="EXTENT"><Content>[2], 18 s., [2] k. portr. ;</Content></TextObject><TextObject OrderIndex="51" TextRelation="EXTENT"><Content>22 cm.</Content></TextObject><OrganizationObject OrderIndex="44" PartyRelation="PUBLISHER"><PartyName>nakł.aut.</PartyName></OrganizationObject><LanguageObject LanguageRelation="LANGUAGE_OF_CONTENT" OrderIndex="42">POL</LanguageObject><ResourceTypeObject OrderIndex="32">TEXT</ResourceTypeObject><TopicObject OrderIndex="47"><TopicName>Powstanie 1944 r. warszawskie</TopicName></TopicObject><TopicObject OrderIndex="49"><ChronologicalSubdivision><Instant><Time>-931050000000</Time><Granularity>MONTH</Granularity><Uncertain>false</Uncertain></Instant></ChronologicalSubdivision><TopicName>Pamiętniki polskie</TopicName></TopicObject><AudienceObject OrderIndex="37">UNKNOW</AudienceObject><InstantObject OrderIndex="28" TemporalRelation="OP_LOADED"><Time>1358943214000</Time><Granularity>SECOND</Granularity><Uncertain>false</Uncertain></InstantObject><InstantObject OrderIndex="41" TemporalRelation="PUBLICATION"><Time>126230400000</Time><Granularity>YEAR</Granularity><Uncertain>false</Uncertain></InstantObject><MetadataObject FieldSource="PROVIDER" Format="marc21" OrderIndex="31"><record xmlns="info:lc/xmlns/marcxchange-v1"><leader>00962nam a2200265 i 4500</leader><controlfield tag="001">b11528783</controlfield><controlfield tag="008">981002s1974    xxk          |000 0 pol  </controlfield><datafield ind1=" " ind2=" " tag="040"><subfield code="a">WA N</subfield><subfield code="c">WA N</subfield></datafield><datafield ind1="1" ind2=" " tag="100"><subfield code="a">Ścibor-Kamiński, Jerzy</subfield><subfield code="d">(1906-1990).</subfield></datafield><datafield ind1="1" ind2="0" tag="245"><subfield code="a">Kapitulacja Żoliborza 30. 9. 1944 /</subfield><subfield code="c">napisał Jerzy Ścibor.</subfield></datafield><datafield ind1=" " ind2=" " tag="260"><subfield code="a">Londyn :</subfield><subfield code="b">nakł.aut.,</subfield><subfield code="c">1974</subfield><subfield code="e">(London :</subfield><subfield code="f">Gryf Printers).</subfield></datafield><datafield ind1=" " ind2=" " tag="300"><subfield code="a">[2], 18 s., [2] k. portr. ;</subfield><subfield code="c">22 cm.</subfield></datafield><datafield ind1="1" ind2="4" tag="600"><subfield code="a">Ścibor-Kamiński, Jerzy</subfield><subfield code="d">(1906-1990)</subfield></datafield><datafield ind1=" " ind2="4" tag="650"><subfield code="a">Powstanie 1944 r. warszawskie</subfield></datafield><datafield ind1=" " ind2="4" tag="651"><subfield code="a">Warszawa</subfield><subfield code="x">Żoliborz</subfield><subfield code="y">1939-1945 r.</subfield></datafield><datafield ind1=" " ind2="4" tag="655"><subfield code="a">Pamiętniki polskie</subfield><subfield code="y">1939-1945 r.</subfield></datafield><datafield ind1=" " ind2=" " tag="902"><subfield code="a">121211</subfield><subfield code="c">981005</subfield><subfield code="d">m</subfield><subfield code="e">a</subfield><subfield code="f">-</subfield><subfield code="g">0</subfield></datafield><datafield ind1=" " ind2=" " tag="907"><subfield code="b">bk   </subfield><subfield code="c">-</subfield></datafield><datafield ind1=" " ind2=" " tag="960"><subfield code="a">II 1.134.970</subfield><subfield code="c">bk   </subfield><subfield code="h">1994 w 233/98</subfield><subfield code="i">Z 0,06</subfield><subfield code="k">1</subfield><subfield code="l">-</subfield><subfield code="o">1</subfield><subfield code="y">Autogr.: Ścibor Jerzy</subfield></datafield><datafield ind1=" " ind2=" " tag="960"><subfield code="a">II 1.241.986 A</subfield><subfield code="c">bk   </subfield><subfield code="d">30001005147964</subfield><subfield code="h">1978 k 132/3</subfield><subfield code="i">Z 0,00</subfield><subfield code="l">-</subfield><subfield code="o">0</subfield><subfield code="x">odkwaszono 2011</subfield></datafield><datafield ind1=" " ind2=" " tag="996"><subfield code="a">.b11528783</subfield></datafield><datafield ind1=" " ind2=" " tag="998"><subfield code="a">ik</subfield><subfield code="a">o</subfield></datafield><datafield ind1=" " ind2=" " tag="999"><subfield code="a">JB</subfield><subfield code="b">js</subfield></datafield><datafield ind1=" " ind2=" " tag="999"><subfield code="a">anno</subfield><subfield code="a">resi</subfield></datafield><datafield ind1=" " ind2=" " tag="999"><subfield code="a">ae</subfield></datafield></record>