</MetadataObject><PersonObject OrderIndex="40" PartyRelation="CREATOR"><PartyName>Jerzy Ścibor-Kamiński</PartyName><Identifiers><Identifier>1000021609563</Identifier><Scope>TEL</Scope></Identifiers><LifePeriod><Start><Time>-2019686400000</Time><Granularity>YEAR</Granularity><Uncertain>false</Uncertain></Start><End><Time>631152000000</Time><Granularity>YEAR</Granularity><Uncertain>false</Uncertain></End></LifePeriod><FirstNames>Jerzy</FirstNames><Surname>Ścibor-Kamiński</Surname></PersonObject><PersonObject OrderIndex="46" PartyRelation="SUBJECT"><PartyName>Jerzy Ścibor-Kamiński</PartyName><Identifiers><Identifier>1000021609563</Identifier><Scope>TEL</Scope></Identifiers><LifePeriod><Start><Time>-2019686400000</Time><Granularity>YEAR</Granularity><Uncertain>false</Uncertain></Start><End><Time>631152000000</Time><Granularity>YEAR</Granularity><Uncertain>false</Uncertain></End></LifePeriod><FirstNames>Jerzy</FirstNames><Surname>Ścibor-Kamiński</Surname></PersonObject><LinkObject FieldSource="TEL" LinkTarget="CATALOGUE_RECORD" OrderIndex="52"><Url>http://alpha.bn.org.pl/record=b1152878*pol</Url><LinkStatus>NOT_CHECKED</LinkStatus></LinkObject></MetadataRecord>
<MetadataRecord xmlns="http://theeuropeanlibrary.org/internal_object_model" ID="2000048756510"><BibliographicLevelObject OrderIndex="38">MONOGRAPH</BibliographicLevelObject><CatalogingFormObject OrderIndex="37">ISBD</CatalogingFormObject><TitleObject OrderIndex="41" TitleType="MAIN"><Title>Kaszuby 1976</Title></TitleObject><TitleObject OrderIndex="42" TitleType="ALTERNATIVE"><Title>Polish scouting world jamboree</Title></TitleObject><TitleObject OrderIndex="43" TitleType="ALTERNATIVE"><Title>Jamboree mondial scouts polonais : światowy zlot harcerstwa</Title></TitleObject><IdentifierObject IdentifierType="LOCAL_IDENTIFIER" OrderIndex="28"><Identifier>b11529015</Identifier></IdentifierObject><IdentifierObject IdentifierType="OAIPMH" OrderIndex="30"><Identifier>urn:theeuropeanlibrary.org:a0232:b11529015</Identifier></IdentifierObject><IdentifierObject IdentifierType="LOCAL_IDENTIFIER" OrderIndex="40"><Identifier>b11529015</Identifier><Scope>a0232</Scope></IdentifierObject><IdentifierObject ContextLevel="RECORD" FieldSource="TEL" OrderIndex="55" PartyIdentifierType="TEL"><Identifier>1000016255705</Identifier><Scope>TEL</Scope></IdentifierObject><IllustrationsObject OrderIndex="35">ILLUSTRATIONS</IllustrationsObject><IllustrationsObject OrderIndex="36">NO_ILLUSTRATIONS</IllustrationsObject><SpatialEntityObject OrderIndex="49" SpatialRelation="PUBLICATION"><Identifiers><Identifier>CA</Identifier><Scope>ISO3166</Scope></Identifiers></SpatialEntityObject><NamedPlaceObject OrderIndex="47" SpatialRelation="PUBLICATION"><PlaceName>Kaszuby,Ont</PlaceName></NamedPlaceObject><PrintTypeObject OrderIndex="34">PRINTED</PrintTypeObject><ProvenanceObject OrderIndex="31"><CollectionId>a0232</CollectionId><ProviderId>P01214</ProviderId></ProvenanceObject><StatusObject OrderIndex="27">UPDATED</StatusObject><TextObject OrderIndex="51" TextRelation="FORMAT_UNCONTROLED"><Content>il. ;</Content></TextObject><TextObject OrderIndex="52" TextRelation="EXTENT"><Content>119, [3] s. :</Content></TextObject><TextObject OrderIndex="53" TextRelation="EXTENT"><Content>17 x 24 cm.</Content></TextObject><OrganizationObject OrderIndex="48" PartyRelation="PUBLISHER"><PartyName>Komenda Główna 2-go Światowego Zlotu Harcerstwa</PartyName></OrganizationObject><OrganizationObject OrderIndex="50" PartyRelation="SUBJECT"><PartyName>Związek Harcerstwa Polskiego</PartyName><Subject><ChronologicalSubdivision><Instant><Time>-394592400000</Time><Granularity>MONTH</Granularity><Uncertain>false</Uncertain></Instant></ChronologicalSubdivision></Subject></OrganizationObject><LanguageObject LanguageRelation="LANGUAGE_OF_CONTENT" OrderIndex="46">POL</LanguageObject><ResourceTypeObject OrderIndex="33">TEXT</ResourceTypeObject><AudienceObject OrderIndex="39">UNKNOW</AudienceObject><InstantObject OrderIndex="29" TemporalRelation="OP_LOADED"><Time>1358943216000</Time><Granularity>SECOND</Granularity><Uncertain>false</Uncertain></InstantObject><InstantObject OrderIndex="45" TemporalRelation="PUBLICATION"><Time>189302400000</Time><Granularity>YEAR</Granularity><Uncertain>false</Uncertain></InstantObject><MetadataObject FieldSource="PROVIDER" Format="marc21" OrderIndex="32"><record xmlns="info:lc/xmlns/marcxchange-v1"><leader>00910nam a2200217 i 4500</leader><controlfield tag="001">b11529015</controlfield><controlfield tag="008">981002s1976    xxca         |000 0 pol  </controlfield><datafield ind1=" " ind2=" " tag="040"><subfield code="a">WA N</subfield><subfield code="c">WA N</subfield></datafield><datafield ind1="0" ind2="0" tag="245"><subfield code="a">Kaszuby 1976 =</subfield><subfield code="b">Polish scouting world jamboree = Jamboree mondial scouts polonais : światowy zlot harcerstwa /</subfield><subfield code="c">[kom.red. Kazimierz Stohandel et al.].</subfield></datafield><datafield ind1=" " ind2=" " tag="260"><subfield code="a">Kaszuby,Ont :</subfield><subfield code="b">Komenda Główna 2-go Światowego Zlotu Harcerstwa,</subfield><subfield code="c">1976</subfield><subfield code="e">(Toronto :</subfield><subfield code="f">"Głos Polski").</subfield></datafield><datafield ind1=" " ind2=" " tag="300"><subfield code="a">119, [3] s. :</subfield><subfield code="b">il. ;</subfield><subfield code="c">17 x 24 cm.</subfield></datafield><datafield ind1="2" ind2="4" tag="610"><subfield code="a">Związek Harcerstwa Polskiego</subfield><subfield code="y">1956-1989 r.</subfield></datafield><datafield ind1="1" ind2=" " tag="700"><subfield code="a">Stohandel, Kazimierz.</subfield><subfield code="e">Red.</subfield></datafield><datafield ind1=" " ind2=" " tag="902"><subfield code="a">121211</subfield><subfield code="c">981005</subfield><subfield code="d">m</subfield><subfield code="e">a</subfield><subfield code="f">-</subfield><subfield code="g">0</subfield></datafield><datafield ind1=" " ind2=" " tag="907"><subfield code="b">bk   </subfield><subfield code="c">-</subfield></datafield><datafield ind1=" " ind2=" " tag="960"><subfield code="a">II 1.281.755 A</subfield><subfield code="c">bk   </subfield><subfield code="d">30001015617840</subfield><subfield code="h">1984 k 1041/77</subfield><subfield code="i">Z 0,00</subfield><subfield code="l">-</subfield><subfield code="o">0</subfield><subfield code="x">odkwaszono 2012</subfield></datafield><datafield ind1=" " ind2=" " tag="960"><subfield code="a">II 1.701.944</subfield><subfield code="c">bk   </subfield><subfield code="d">30001005169109</subfield><subfield code="h">1994 k 468/20</subfield><subfield code="i">Z 0,00</subfield><subfield code="l">-</subfield><subfield code="o">1</subfield></datafield><datafield ind1=" " ind2=" " tag="996"><subfield code="a">.b11529015</subfield></datafield><datafield ind1=" " ind2=" " tag="998"><subfield code="a">ik</subfield><subfield code="a">o</subfield></datafield><datafield ind1=" " ind2=" " tag="999"><subfield code="a">zlJB</subfield></datafield><datafield ind1=" " ind2=" " tag="999"><subfield code="a">emal</subfield></datafield></record>