</MetadataObject><PersonObject OrderIndex="44" PartyRelation="CONTRIBUTOR"><PartyName>Kazimierz. Stohandel</PartyName><Identifiers><Identifier>1000016255705</Identifier><Scope>TEL</Scope></Identifiers><FirstNames>Kazimierz.</FirstNames><Surname>Stohandel</Surname></PersonObject><LinkObject FieldSource="TEL" LinkTarget="CATALOGUE_RECORD" OrderIndex="54"><Url>http://alpha.bn.org.pl/record=b1152901*pol</Url><LinkStatus>NOT_CHECKED</LinkStatus></LinkObject></MetadataRecord>
<MetadataRecord xmlns="http://theeuropeanlibrary.org/internal_object_model" ID="2000048756500"><BibliographicLevelObject OrderIndex="42">MONOGRAPH</BibliographicLevelObject><CatalogingFormObject OrderIndex="41">ISBD</CatalogingFormObject><TitleObject OrderIndex="47" TitleType="MAIN"><Title>U virì borot'bi</Title><SubTitle>spogadi učasnika povstans'koï borot'bi (1941-1948)</SubTitle></TitleObject><IdentifierObject IdentifierType="LOCAL_IDENTIFIER" OrderIndex="32"><Identifier>b11528904</Identifier></IdentifierObject><IdentifierObject IdentifierType="OAIPMH" OrderIndex="34"><Identifier>urn:theeuropeanlibrary.org:a0232:b11528904</Identifier></IdentifierObject><IdentifierObject IdentifierType="LOCAL_IDENTIFIER" OrderIndex="44"><Identifier>b11528904</Identifier><Scope>a0232</Scope></IdentifierObject><IdentifierObject IdentifierType="ISBN" OrderIndex="45"><Identifier>5120040101</Identifier></IdentifierObject><IdentifierObject ContextLevel="RECORD" FieldSource="TEL" OrderIndex="63" PartyIdentifierType="TEL"><Identifier>1000016645760</Identifier><Scope>TEL</Scope></IdentifierObject><IdentifierObject ContextLevel="RECORD" FieldSource="TEL" OrderIndex="64" PartyIdentifierType="TEL"><Identifier>1000022375987</Identifier><Scope>TEL</Scope></IdentifierObject><IdentifierObject ContextLevel="CONTENT" FieldSource="TEL" OrderIndex="65" SpatialIdentifierType="TEL"><Identifier>1000001456003</Identifier><Scope>TEL</Scope></IdentifierObject><IllustrationsObject OrderIndex="39">ILLUSTRATIONS</IllustrationsObject><IllustrationsObject OrderIndex="40">NO_ILLUSTRATIONS</IllustrationsObject><SpatialEntityObject OrderIndex="53" SpatialRelation="PUBLICATION"><Identifiers><Identifier>UA</Identifier><Scope>ISO3166</Scope></Identifiers></SpatialEntityObject><NamedPlaceObject OrderIndex="51" SpatialRelation="PUBLICATION"><PlaceName>Kiïv</PlaceName></NamedPlaceObject><NamedPlaceObject OrderIndex="55" SpatialRelation="SUBJECT"><PlaceName>Polska</PlaceName><Subject><GeneralSubdivision>polityka</GeneralSubdivision><ChronologicalSubdivision><Instant><Time>-931050000000</Time><Granularity>MONTH</Granularity><Uncertain>false</Uncertain></Instant></ChronologicalSubdivision><GeographicSubdivision><NamedPlace><PlaceName>Ukraina</PlaceName></NamedPlace></GeographicSubdivision></Subject></NamedPlaceObject><NamedPlaceObject OrderIndex="56" SpatialRelation="SUBJECT"><PlaceName>Przemyśl (woj. podkarpackie ; okręg)</PlaceName><Subject><ChronologicalSubdivision><Instant><Time>-931050000000</Time><Granularity>MONTH</Granularity><Uncertain>false</Uncertain></Instant></ChronologicalSubdivision></Subject></NamedPlaceObject><NamedPlaceObject OrderIndex="57" SpatialRelation="SUBJECT"><Identifiers><Identifier>1000001456003</Identifier><Scope>TEL</Scope></Identifiers><PlaceName>Ukraina</PlaceName><Subject><GeneralSubdivision>ludność</GeneralSubdivision><ChronologicalSubdivision><Instant><Time>-931050000000</Time><Granularity>MONTH</Granularity><Uncertain>false</Uncertain></Instant></ChronologicalSubdivision></Subject></NamedPlaceObject><PrintTypeObject OrderIndex="38">PRINTED</PrintTypeObject><ProvenanceObject OrderIndex="35"><CollectionId>a0232</CollectionId><ProviderId>P01214</ProviderId></ProvenanceObject><StatusObject OrderIndex="31">UPDATED</StatusObject><TextObject OrderIndex="46" TextRelation="STATEMENT_OF_RESPONSIBILITY"><Content>Jurij Borec'.</Content></TextObject><TextObject OrderIndex="58" TextRelation="FORMAT_UNCONTROLED"><Content>1 rys. ;</Content></TextObject><TextObject OrderIndex="59" TextRelation="EXTENT"><Content>301, [3] s. :</Content></TextObject><TextObject OrderIndex="60" TextRelation="EXTENT"><Content>21 cm.</Content></TextObject><TextObject NoteType="GENERAL" OrderIndex="61" TextRelation="NOTE"><Content>Dotyczy działań i losów UPA m. in. na terenie Polski.</Content></TextObject><OrganizationObject OrderIndex="52" PartyRelation="PUBLISHER"><PartyName>Naukova dumka</PartyName><Identifiers><Identifier>1000022375987</Identifier><Scope>TEL</Scope></Identifiers></OrganizationObject><OrganizationObject OrderIndex="54" PartyRelation="SUBJECT"><PartyName>Ukraïns'ka Povstans'ka Armiâ</PartyName><Subject/></OrganizationObject><LanguageObject LanguageRelation="LANGUAGE_OF_CONTENT" OrderIndex="50">UKR</LanguageObject><ResourceTypeObject OrderIndex="37">TEXT</ResourceTypeObject><AudienceObject OrderIndex="43">UNKNOW</AudienceObject><InstantObject OrderIndex="33" TemporalRelation="OP_LOADED"><Time>1358943207000</Time><Granularity>SECOND</Granularity><Uncertain>false</Uncertain></InstantObject><InstantObject OrderIndex="49" TemporalRelation="PUBLICATION"><Time>725846400000</Time><Granularity>YEAR</Granularity><Uncertain>false</Uncertain></InstantObject><MetadataObject FieldSource="PROVIDER" Format="marc21" OrderIndex="36"><record xmlns="info:lc/xmlns/marcxchange-v1"><leader>00964nam a2200277 i 4500</leader><controlfield tag="001">b11528904</controlfield><controlfield tag="008">981002s1993    un a         |000 0 ukr  </controlfield><datafield ind1=" " ind2=" " tag="020"><subfield code="a">5120040101</subfield></datafield><datafield ind1=" " ind2=" " tag="040"><subfield code="a">WA N</subfield><subfield code="c">WA N</subfield></datafield><datafield ind1="1" ind2=" " tag="100"><subfield code="a">Borec', Jurij.</subfield></datafield><datafield ind1="1" ind2="0" tag="245"><subfield code="a">U virì borot'bi :</subfield><subfield code="b">spogadi učasnika povstans'koï borot'bi (1941-1948) /</subfield><subfield code="c">Jurij Borec'.</subfield></datafield><datafield ind1=" " ind2=" " tag="260"><subfield code="a">Kiïv :</subfield><subfield code="b">Naukova dumka,</subfield><subfield code="c">1993.</subfield></datafield><datafield ind1=" " ind2=" " tag="300"><subfield code="a">301, [3] s. :</subfield><subfield code="b">1 rys. ;</subfield><subfield code="c">21 cm.</subfield></datafield><datafield ind1=" " ind2=" " tag="500"><subfield code="a">Dotyczy działań i losów UPA m. in. na terenie Polski.</subfield></datafield><datafield ind1="2" ind2="4" tag="610"><subfield code="a">Ukraïns'ka Povstans'ka Armiâ</subfield></datafield><datafield ind1=" " ind2="4" tag="651"><subfield code="a">Polska</subfield><subfield code="x">polityka</subfield><subfield code="z">Ukraina</subfield><subfield code="y">1939-1945 r.</subfield></datafield><datafield ind1=" " ind2="4" tag="651"><subfield code="a">Przemyśl (woj. podkarpackie ; okręg)</subfield><subfield code="y">1939-1945 r.</subfield></datafield><datafield ind1=" " ind2="4" tag="651"><subfield code="a">Ukraina</subfield><subfield code="x">ludność</subfield><subfield code="y">1939-1945 r.</subfield></datafield><datafield ind1=" " ind2=" " tag="902"><subfield code="a">121211</subfield><subfield code="c">981005</subfield><subfield code="d">m</subfield><subfield code="e">a</subfield><subfield code="f">-</subfield><subfield code="g">0</subfield></datafield><datafield ind1=" " ind2=" " tag="907"><subfield code="b">bk   </subfield><subfield code="c">-</subfield></datafield><datafield ind1=" " ind2=" " tag="920"><subfield code="a">5-12-004010-1</subfield></datafield><datafield ind1=" " ind2=" " tag="960"><subfield code="a">II 1.840.730 A</subfield><subfield code="c">bk   </subfield><subfield code="d">30001009349887</subfield><subfield code="h">1993 k 1204/1</subfield><subfield code="i">Z 0,07</subfield><subfield code="k">1</subfield><subfield code="l">-</subfield><subfield code="o">0</subfield></datafield><datafield ind1=" " ind2=" " tag="996"><subfield code="a">.b11528904</subfield></datafield><datafield ind1=" " ind2=" " tag="998"><subfield code="a">ik</subfield><subfield code="a">o</subfield></datafield><datafield ind1=" " ind2=" " tag="999"><subfield code="a">AT</subfield><subfield code="b">js</subfield></datafield><datafield ind1=" " ind2=" " tag="999"><subfield code="a">mabl</subfield><subfield code="a">piju</subfield></datafield></record>