</MetadataObject><PersonObject OrderIndex="48" PartyRelation="CREATOR"><PartyName>Jurij. Borec'</PartyName><Identifiers><Identifier>1000016645760</Identifier><Scope>TEL</Scope></Identifiers><FirstNames>Jurij.</FirstNames><Surname>Borec'</Surname></PersonObject><LinkObject FieldSource="TEL" LinkTarget="CATALOGUE_RECORD" OrderIndex="62"><Url>http://alpha.bn.org.pl/record=b1152890*pol</Url><LinkStatus>NOT_CHECKED</LinkStatus></LinkObject></MetadataRecord>
<MetadataRecord xmlns="http://theeuropeanlibrary.org/internal_object_model" ID="2000048756586"><BibliographicLevelObject OrderIndex="34">MONOGRAPH</BibliographicLevelObject><CatalogingFormObject OrderIndex="33">ISBD</CatalogingFormObject><TitleObject OrderIndex="37" TitleType="MAIN"><Title>L'Immacolata Concezione nel pensiero mariologico del Padre Massimiliano Kolbe</Title></TitleObject><IdentifierObject IdentifierType="LOCAL_IDENTIFIER" OrderIndex="25"><Identifier>b11529805</Identifier></IdentifierObject><IdentifierObject IdentifierType="OAIPMH" OrderIndex="27"><Identifier>urn:theeuropeanlibrary.org:a0232:b11529805</Identifier></IdentifierObject><IdentifierObject IdentifierType="LOCAL_IDENTIFIER" OrderIndex="36"><Identifier>b11529805</Identifier><Scope>a0232</Scope></IdentifierObject><IdentifierObject ContextLevel="CONTENT" FieldSource="TEL" KnowledgeOrganizationSystem="TEL" OrderIndex="49"><Identifier>1000000357521</Identifier><Scope>TEL</Scope></IdentifierObject><IdentifierObject ContextLevel="RECORD" FieldSource="TEL" OrderIndex="50" PartyIdentifierType="TEL"><Identifier>1000020944757</Identifier><Scope>TEL</Scope></IdentifierObject><IdentifierObject ContextLevel="CONTENT" FieldSource="TEL" OrderIndex="51" PartyIdentifierType="TEL"><Identifier>1000022420293</Identifier><Scope>TEL</Scope></IdentifierObject><IdentifierObject ContextLevel="CONTENT" FieldSource="TEL" OrderIndex="52" PartyIdentifierType="TEL"><Identifier>1000011069262</Identifier><Scope>TEL</Scope></IdentifierObject><IdentifierObject ContextLevel="CONTENT" FieldSource="TEL" OrderIndex="53" PartyIdentifierType="TEL"><Identifier>1000020802536</Identifier><Scope>TEL</Scope></IdentifierObject><IdentifierObject ContextLevel="RECORD" FieldSource="TEL" OrderIndex="54" SpatialIdentifierType="TEL"><Identifier>1000006417912</Identifier><Scope>TEL</Scope></IdentifierObject><IllustrationsObject OrderIndex="32">NO_ILLUSTRATIONS</IllustrationsObject><SpatialEntityObject OrderIndex="43" SpatialRelation="PUBLICATION"><Identifiers><Identifier>IT</Identifier><Scope>ISO3166</Scope></Identifiers></SpatialEntityObject><NamedPlaceObject OrderIndex="41" SpatialRelation="PUBLICATION"><Identifiers><Identifier>1000006417912</Identifier><Scope>TEL</Scope></Identifiers><PlaceName>Roma</PlaceName></NamedPlaceObject><PrintTypeObject OrderIndex="31">PRINTED</PrintTypeObject><ProvenanceObject OrderIndex="28"><CollectionId>a0232</CollectionId><ProviderId>P01214</ProviderId></ProvenanceObject><StatusObject OrderIndex="24">UPDATED</StatusObject><TextObject OrderIndex="47" TextRelation="EXTENT"><Content>[2], II, 3-56, [1] s.</Content></TextObject><OrganizationObject OrderIndex="42" PartyRelation="PUBLISHER"><PartyName>L.E.M.I.</PartyName></OrganizationObject><OrganizationObject OrderIndex="45" PartyRelation="SUBJECT"><PartyName>Franciszkanie Konwentualni</PartyName><Identifiers><Identifier>1000022420293</Identifier><Scope>TEL</Scope></Identifiers><Subject><ChronologicalSubdivision><Instant><Time>-61536240000000</Time><Granularity>YEAR</Granularity><Uncertain>false</Uncertain></Instant></ChronologicalSubdivision><GeographicSubdivision><NamedPlace><PlaceName>Polska</PlaceName></NamedPlace></GeographicSubdivision></Subject></OrganizationObject><LanguageObject LanguageRelation="LANGUAGE_OF_CONTENT" OrderIndex="40">ITA</LanguageObject><ResourceTypeObject OrderIndex="30">TEXT</ResourceTypeObject><TopicObject OrderIndex="46"><GeneralSubdivision>katolicyzm</GeneralSubdivision><TopicName>Mariologia</TopicName><Identifiers><Identifier>1000000357521</Identifier><Scope>TEL</Scope></Identifiers></TopicObject><AudienceObject OrderIndex="35">UNKNOW</AudienceObject><InstantObject OrderIndex="26" TemporalRelation="OP_LOADED"><Time>1358943207000</Time><Granularity>SECOND</Granularity><Uncertain>false</Uncertain></InstantObject><InstantObject OrderIndex="39" TemporalRelation="PUBLICATION"><Time>31532400000</Time><Granularity>YEAR</Granularity><Uncertain>false</Uncertain></InstantObject><MetadataObject FieldSource="PROVIDER" Format="marc21" OrderIndex="29"><record xmlns="info:lc/xmlns/marcxchange-v1"><leader>00828nam a2200241 i 4500</leader><controlfield tag="001">b11529805</controlfield><controlfield tag="008">981002s1971    it           |000 0 ita  </controlfield><datafield ind1=" " ind2=" " tag="040"><subfield code="a">WA N</subfield><subfield code="c">WA N</subfield></datafield><datafield ind1="1" ind2=" " tag="100"><subfield code="a">Piacentini, Ernesto.</subfield></datafield><datafield ind1="1" ind2="1" tag="245"><subfield code="a">L'Immacolata Concezione nel pensiero mariologico del Padre Massimiliano Kolbe /</subfield><subfield code="c">Ernesto Piacentini.</subfield></datafield><datafield ind1=" " ind2=" " tag="260"><subfield code="a">Roma :</subfield><subfield code="b">L.E.M.I.,</subfield><subfield code="c">1971.</subfield></datafield><datafield ind1=" " ind2=" " tag="300"><subfield code="a">[2], II, 3-56, [1] s.</subfield></datafield><datafield ind1="0" ind2="4" tag="600"><subfield code="a">Maksymilian Maria Kolbe</subfield><subfield code="c">(św. ;</subfield><subfield code="d">1894-1941)</subfield></datafield><datafield ind1="2" ind2="4" tag="610"><subfield code="a">Franciszkanie Konwentualni</subfield><subfield code="z">Polska</subfield><subfield code="y">20 w.</subfield></datafield><datafield ind1=" " ind2="4" tag="650"><subfield code="a">Mariologia</subfield><subfield code="x">katolicyzm</subfield></datafield><datafield ind1=" " ind2=" " tag="902"><subfield code="a">121211</subfield><subfield code="c">981005</subfield><subfield code="d">m</subfield><subfield code="e">a</subfield><subfield code="f">-</subfield><subfield code="g">0</subfield></datafield><datafield ind1=" " ind2=" " tag="907"><subfield code="b">bk   </subfield><subfield code="c">-</subfield></datafield><datafield ind1=" " ind2=" " tag="960"><subfield code="a">II 1.134.857</subfield><subfield code="c">bk   </subfield><subfield code="h">1994 w 208/161</subfield><subfield code="i">Z 0,00</subfield><subfield code="l">-</subfield><subfield code="o">1</subfield></datafield><datafield ind1=" " ind2=" " tag="960"><subfield code="a">II 1.269.164 A</subfield><subfield code="c">bk   </subfield><subfield code="d">30001010834945</subfield><subfield code="h">1982 w 183/175</subfield><subfield code="i">Z 0,00</subfield><subfield code="l">-</subfield><subfield code="o">0</subfield></datafield><datafield ind1=" " ind2=" " tag="996"><subfield code="a">.b11529805</subfield></datafield><datafield ind1=" " ind2=" " tag="998"><subfield code="a">ik</subfield><subfield code="a">o</subfield></datafield><datafield ind1=" " ind2=" " tag="999"><subfield code="a">zljs</subfield></datafield><datafield ind1=" " ind2=" " tag="999"><subfield code="a">bron</subfield></datafield></record>