</MetadataObject><PersonObject OrderIndex="38" PartyRelation="CREATOR"><PartyName>Ernesto. Piacentini</PartyName><Identifiers><Identifier>1000020944757</Identifier><Scope>TEL</Scope></Identifiers><FirstNames>Ernesto.</FirstNames><Surname>Piacentini</Surname></PersonObject><PersonObject OrderIndex="44" PartyRelation="SUBJECT"><PartyName>Maksymilian Maria Kolbe</PartyName><Identifiers><Identifier>1000011069262</Identifier><Scope>TEL</Scope></Identifiers><Identifiers><Identifier>1000020802536</Identifier><Scope>TEL</Scope></Identifiers><LifePeriod><Start><Time>-2398291200000</Time><Granularity>YEAR</Granularity><Uncertain>false</Uncertain></Start><End><Time>-915152400000</Time><Granularity>YEAR</Granularity><Uncertain>false</Uncertain></End></LifePeriod><FirstNames>Maksymilian Maria</FirstNames><Surname>Kolbe</Surname></PersonObject><LinkObject FieldSource="TEL" LinkTarget="CATALOGUE_RECORD" OrderIndex="48"><Url>http://alpha.bn.org.pl/record=b1152980*pol</Url><LinkStatus>NOT_CHECKED</LinkStatus></LinkObject></MetadataRecord>
<MetadataRecord xmlns="http://theeuropeanlibrary.org/internal_object_model" ID="2000048756576"><BibliographicLevelObject OrderIndex="36">MONOGRAPH</BibliographicLevelObject><CatalogingFormObject OrderIndex="35">ISBD</CatalogingFormObject><TitleObject OrderIndex="40" TitleType="MAIN"><Title>Poszarpane życie</Title><SubTitle>na morzu i lądzie</SubTitle></TitleObject><IdentifierObject IdentifierType="LOCAL_IDENTIFIER" OrderIndex="26"><Identifier>b11529696</Identifier></IdentifierObject><IdentifierObject IdentifierType="OAIPMH" OrderIndex="28"><Identifier>urn:theeuropeanlibrary.org:a0232:b11529696</Identifier></IdentifierObject><IdentifierObject IdentifierType="LOCAL_IDENTIFIER" OrderIndex="38"><Identifier>b11529696</Identifier><Scope>a0232</Scope></IdentifierObject><IdentifierObject ContextLevel="RECORD" FieldSource="TEL" OrderIndex="51" PartyIdentifierType="TEL"><Identifier>1000020881235</Identifier><Scope>TEL</Scope></IdentifierObject><IllustrationsObject OrderIndex="33">ILLUSTRATIONS</IllustrationsObject><IllustrationsObject OrderIndex="34">NO_ILLUSTRATIONS</IllustrationsObject><SpatialEntityObject OrderIndex="46" SpatialRelation="PUBLICATION"><Identifiers><Identifier>US</Identifier><Scope>ISO3166</Scope></Identifiers></SpatialEntityObject><NamedPlaceObject OrderIndex="44" SpatialRelation="PUBLICATION"><PlaceName>Albany, NY</PlaceName></NamedPlaceObject><PrintTypeObject OrderIndex="32">PRINTED</PrintTypeObject><ProvenanceObject OrderIndex="29"><CollectionId>a0232</CollectionId><ProviderId>P01214</ProviderId></ProvenanceObject><StatusObject OrderIndex="25">UPDATED</StatusObject><TextObject OrderIndex="39" TextRelation="STATEMENT_OF_RESPONSIBILITY"><Content>Witold Kociejowski.</Content></TextObject><TextObject OrderIndex="47" TextRelation="FORMAT_UNCONTROLED"><Content>il., err. ;</Content></TextObject><TextObject OrderIndex="48" TextRelation="EXTENT"><Content>136 s. :</Content></TextObject><TextObject OrderIndex="49" TextRelation="EXTENT"><Content>23 cm.</Content></TextObject><OrganizationObject OrderIndex="45" PartyRelation="PUBLISHER"><PartyName>"Sigma Press"</PartyName></OrganizationObject><LanguageObject LanguageRelation="LANGUAGE_OF_CONTENT" OrderIndex="43">POL</LanguageObject><ResourceTypeObject OrderIndex="31">TEXT</ResourceTypeObject><AudienceObject OrderIndex="37">UNKNOW</AudienceObject><InstantObject OrderIndex="27" TemporalRelation="OP_LOADED"><Time>1358943207000</Time><Granularity>SECOND</Granularity><Uncertain>false</Uncertain></InstantObject><InstantObject OrderIndex="42" TemporalRelation="PUBLICATION"><Time>504921600000</Time><Granularity>YEAR</Granularity><Uncertain>false</Uncertain></InstantObject><MetadataObject FieldSource="PROVIDER" Format="marc21" OrderIndex="30"><record xmlns="info:lc/xmlns/marcxchange-v1"><leader>00657nam a2200193 i 4500</leader><controlfield tag="001">b11529696</controlfield><controlfield tag="008">981002s1986    xxua         |000 0 pol d</controlfield><datafield ind1=" " ind2=" " tag="040"><subfield code="a">WA N</subfield><subfield code="c">WA N</subfield></datafield><datafield ind1="1" ind2=" " tag="100"><subfield code="a">Kociejowski, Witold</subfield><subfield code="d">(1917- ).</subfield></datafield><datafield ind1="1" ind2="0" tag="245"><subfield code="a">Poszarpane życie :</subfield><subfield code="b">na morzu i lądzie /</subfield><subfield code="c">Witold Kociejowski.</subfield></datafield><datafield ind1=" " ind2=" " tag="260"><subfield code="a">Albany, NY :</subfield><subfield code="b">"Sigma Press",</subfield><subfield code="c">1986.</subfield></datafield><datafield ind1=" " ind2=" " tag="300"><subfield code="a">136 s. :</subfield><subfield code="b">il., err. ;</subfield><subfield code="c">23 cm.</subfield></datafield><datafield ind1=" " ind2=" " tag="902"><subfield code="a">121219</subfield><subfield code="c">981005</subfield><subfield code="d">m</subfield><subfield code="e">a</subfield><subfield code="f">-</subfield><subfield code="g">0</subfield></datafield><datafield ind1=" " ind2=" " tag="907"><subfield code="b">bk   </subfield><subfield code="c">-</subfield></datafield><datafield ind1=" " ind2=" " tag="960"><subfield code="a">II 1.701.967</subfield><subfield code="c">bk   </subfield><subfield code="d">30001005169240</subfield><subfield code="h">1994 k 498/20</subfield><subfield code="i">Z 0,00</subfield><subfield code="l">-</subfield><subfield code="o">1</subfield></datafield><datafield ind1=" " ind2=" " tag="960"><subfield code="a">II 1.986.090 A Chr.</subfield><subfield code="c">bk   </subfield><subfield code="h">1988 w 480/36</subfield><subfield code="i">Z 0,00</subfield><subfield code="l">-</subfield><subfield code="o">18</subfield><subfield code="x">odkwaszono 2008</subfield></datafield><datafield ind1=" " ind2=" " tag="996"><subfield code="a">.b11529696</subfield></datafield><datafield ind1=" " ind2=" " tag="998"><subfield code="a">o</subfield></datafield><datafield ind1=" " ind2=" " tag="999"><subfield code="a">zljs</subfield></datafield></record>