</MetadataObject><PersonObject OrderIndex="41" PartyRelation="CREATOR"><PartyName>Witold Kociejowski</PartyName><Identifiers><Identifier>1000020881235</Identifier><Scope>TEL</Scope></Identifiers><LifePeriod><Start><Time>-1672531200000</Time><Granularity>YEAR</Granularity><Uncertain>false</Uncertain></Start></LifePeriod><FirstNames>Witold</FirstNames><Surname>Kociejowski</Surname></PersonObject><LinkObject FieldSource="TEL" LinkTarget="CATALOGUE_RECORD" OrderIndex="50"><Url>http://alpha.bn.org.pl/record=b1152969*pol</Url><LinkStatus>NOT_CHECKED</LinkStatus></LinkObject></MetadataRecord>
<MetadataRecord xmlns="http://theeuropeanlibrary.org/internal_object_model" ID="2000048756598"><BibliographicLevelObject OrderIndex="37">MONOGRAPH</BibliographicLevelObject><CatalogingFormObject OrderIndex="36">ISBD</CatalogingFormObject><TitleObject OrderIndex="40" TitleType="MAIN"><Title>Le relazioni dei Polacchi con gli artisti e con l'arte veneta tra il XVI e il XVII secolo</Title></TitleObject><IdentifierObject IdentifierType="LOCAL_IDENTIFIER" OrderIndex="28"><Identifier>b11529921</Identifier></IdentifierObject><IdentifierObject IdentifierType="OAIPMH" OrderIndex="30"><Identifier>urn:theeuropeanlibrary.org:a0232:b11529921</Identifier></IdentifierObject><IdentifierObject IdentifierType="LOCAL_IDENTIFIER" OrderIndex="39"><Identifier>b11529921</Identifier><Scope>a0232</Scope></IdentifierObject><IdentifierObject ContextLevel="RECORD" FieldSource="TEL" OrderIndex="55" PartyIdentifierType="TEL"><Identifier>2000074908163</Identifier><Scope>TEL</Scope></IdentifierObject><IdentifierObject ContextLevel="RECORD" FieldSource="TEL" OrderIndex="56" PartyIdentifierType="TEL"><Identifier>3000002926975</Identifier><Scope>TEL</Scope></IdentifierObject><IdentifierObject ContextLevel="RECORD" FieldSource="TEL" OrderIndex="57" PartyIdentifierType="TEL"><Identifier>1000022294146</Identifier><Scope>TEL</Scope></IdentifierObject><IdentifierObject ContextLevel="RECORD" FieldSource="TEL" OrderIndex="58" PartyIdentifierType="TEL"><Identifier>1000022299300</Identifier><Scope>TEL</Scope></IdentifierObject><IdentifierObject ContextLevel="RECORD" FieldSource="TEL" OrderIndex="59" PartyIdentifierType="TEL"><Identifier>1000018358668</Identifier><Scope>TEL</Scope></IdentifierObject><IdentifierObject ContextLevel="RECORD" FieldSource="TEL" OrderIndex="60" PartyIdentifierType="TEL"><Identifier>3000004439126</Identifier><Scope>TEL</Scope></IdentifierObject><IdentifierObject ContextLevel="RECORD" FieldSource="TEL" OrderIndex="61" PartyIdentifierType="TEL"><Identifier>1000022305743</Identifier><Scope>TEL</Scope></IdentifierObject><IdentifierObject ContextLevel="RECORD" FieldSource="TEL" OrderIndex="62" PartyIdentifierType="TEL"><Identifier>3000003341581</Identifier><Scope>TEL</Scope></IdentifierObject><IdentifierObject ContextLevel="RECORD" FieldSource="TEL" OrderIndex="63" SpatialIdentifierType="TEL"><Identifier>1000006409226</Identifier><Scope>TEL</Scope></IdentifierObject><IllustrationsObject OrderIndex="35">NO_ILLUSTRATIONS</IllustrationsObject><SpatialEntityObject OrderIndex="46" SpatialRelation="PUBLICATION"><Identifiers><Identifier>IT</Identifier><Scope>ISO3166</Scope></Identifiers></SpatialEntityObject><NamedPlaceObject OrderIndex="44" SpatialRelation="PUBLICATION"><Identifiers><Identifier>1000006409226</Identifier><Scope>TEL</Scope></Identifiers><PlaceName>Venezia</PlaceName></NamedPlaceObject><NamedPlaceObject OrderIndex="49" SpatialRelation="SUBJECT"><PlaceName>Wenecja (Włochy)</PlaceName><Subject><GeneralSubdivision>kultura</GeneralSubdivision><ChronologicalSubdivision><Instant><Time>-61620480000000</Time><Granularity>MONTH</Granularity><Uncertain>false</Uncertain></Instant></ChronologicalSubdivision></Subject></NamedPlaceObject><PrintTypeObject OrderIndex="34">PRINTED</PrintTypeObject><ProvenanceObject OrderIndex="31"><CollectionId>a0232</CollectionId><ProviderId>P01214</ProviderId></ProvenanceObject><StatusObject OrderIndex="27">UPDATED</StatusObject><TextObject OrderIndex="50" TextRelation="EXTENT"><Content>S. [1], 498-508, IV s. tabl. ;</Content></TextObject><TextObject OrderIndex="51" TextRelation="EXTENT"><Content>25 cm.</Content></TextObject><TextObject NoteType="GENERAL" OrderIndex="52" TextRelation="NOTE"><Content>Estr. dagli Atti dell'Istituto Veneto di Scienze, Lettere ed Arti. T. CXXXVIII (1979-1980). Cl. di scienze morali, lettere ed arti.</Content></TextObject><TextObject NoteType="GENERAL" OrderIndex="53" TextRelation="NOTE"><Content>Opis wg okł.</Content></TextObject><OrganizationObject OrderIndex="45" PartyRelation="PUBLISHER"><PartyName>Istituto Veneto di Scienze. Lettere ed Arti</PartyName><Identifiers><Identifier>1000022305743</Identifier><Scope>TEL</Scope></Identifiers><Identifiers><Identifier>3000003341581</Identifier><Scope>TEL</Scope></Identifiers><Identifiers><Identifier>2000074908163</Identifier><Scope>TEL</Scope></Identifiers><Identifiers><Identifier>3000002926975</Identifier><Scope>TEL</Scope></Identifiers><Identifiers><Identifier>1000022299300</Identifier><Scope>TEL</Scope></Identifiers><Identifiers><Identifier>3000004439126</Identifier><Scope>TEL</Scope></Identifiers><Identifiers><Identifier>1000022294146</Identifier><Scope>TEL</Scope></Identifiers><Identifiers><Identifier>1000018358668</Identifier><Scope>TEL</Scope></Identifiers></OrganizationObject><LanguageObject LanguageRelation="LANGUAGE_OF_CONTENT" OrderIndex="43">ITA</LanguageObject><ResourceTypeObject OrderIndex="33">TEXT</ResourceTypeObject><TopicObject OrderIndex="47"><GeneralSubdivision>a Włochy</GeneralSubdivision><ChronologicalSubdivision><Instant><Time>-61620480000000</Time><Granularity>MONTH</Granularity><Uncertain>false</Uncertain></Instant></ChronologicalSubdivision><TopicName>Polska</TopicName></TopicObject><TopicObject OrderIndex="48"><GeneralSubdivision>a Polska</GeneralSubdivision><ChronologicalSubdivision><Instant><Time>-61620480000000</Time><Granularity>MONTH</Granularity><Uncertain>false</Uncertain></Instant></ChronologicalSubdivision><TopicName>Włochy</TopicName></TopicObject><AudienceObject OrderIndex="38">UNKNOW</AudienceObject><InstantObject OrderIndex="29" TemporalRelation="OP_LOADED"><Time>1358943216000</Time><Granularity>SECOND</Granularity><Uncertain>false</Uncertain></InstantObject><InstantObject OrderIndex="42" TemporalRelation="PUBLICATION"><Time>315532800000</Time><Granularity>YEAR</Granularity><Uncertain>false</Uncertain></InstantObject><MetadataObject FieldSource="PROVIDER" Format="marc21" OrderIndex="32"><record xmlns="info:lc/xmlns/marcxchange-v1"><leader>01163nam a2200277 i 4500</leader><controlfield tag="001">b11529921</controlfield><controlfield tag="008">981002s1980    it           |000 0 ita  </controlfield><datafield ind1=" " ind2=" " tag="040"><subfield code="a">WA N</subfield><subfield code="c">WA N</subfield></datafield><datafield ind1="1" ind2=" " tag="100"><subfield code="a">Kowalczyk, Jerzy</subfield><subfield code="d">(1930- ).</subfield></datafield><datafield ind1="1" ind2="3" tag="245"><subfield code="a">Le relazioni dei Polacchi con gli artisti e con l'arte veneta tra il XVI e il XVII secolo /</subfield><subfield code="c">Jerzy Kowalczyk.</subfield></datafield><datafield ind1=" " ind2=" " tag="260"><subfield code="a">Venezia :</subfield><subfield code="b">Istituto Veneto di Scienze. Lettere ed Arti,</subfield><subfield code="c">1980.</subfield></datafield><datafield ind1=" " ind2=" " tag="300"><subfield code="a">S. [1], 498-508, IV s. tabl. ;</subfield><subfield code="c">25 cm.</subfield></datafield><datafield ind1=" " ind2=" " tag="500"><subfield code="a">Estr. dagli Atti dell'Istituto Veneto di Scienze, Lettere ed Arti. T. CXXXVIII (1979-1980). Cl. di scienze morali, lettere ed arti.</subfield></datafield><datafield ind1=" " ind2=" " tag="500"><subfield code="a">Opis wg okł.</subfield></datafield><datafield ind1=" " ind2="4" tag="650"><subfield code="a">Polska</subfield><subfield code="x">a Włochy</subfield><subfield code="x">kultura</subfield><subfield code="y">16-17 w.</subfield></datafield><datafield ind1=" " ind2="4" tag="650"><subfield code="a">Włochy</subfield><subfield code="x">a Polska</subfield><subfield code="x">kultura</subfield><subfield code="y">16-17 w.</subfield></datafield><datafield ind1=" " ind2="4" tag="651"><subfield code="a">Wenecja (Włochy)</subfield><subfield code="x">kultura</subfield><subfield code="y">16-17 w.</subfield></datafield><datafield ind1=" " ind2=" " tag="902"><subfield code="a">121211</subfield><subfield code="c">981005</subfield><subfield code="d">m</subfield><subfield code="e">a</subfield><subfield code="f">-</subfield><subfield code="g">0</subfield></datafield><datafield ind1=" " ind2=" " tag="907"><subfield code="b">bk   </subfield><subfield code="c">-</subfield></datafield><datafield ind1=" " ind2=" " tag="960"><subfield code="a">II 1.134.946</subfield><subfield code="c">bk   </subfield><subfield code="d">30001003939842</subfield><subfield code="h">1994 d 881/1</subfield><subfield code="i">Z 0,06</subfield><subfield code="k">1</subfield><subfield code="l">-</subfield><subfield code="o">1</subfield><subfield code="y">Ded.: Kowalczyk Jerzy</subfield></datafield><datafield ind1=" " ind2=" " tag="960"><subfield code="a">II 1.269.644 A</subfield><subfield code="c">bk   </subfield><subfield code="d">30001010837311</subfield><subfield code="h">1982 d 56/11</subfield><subfield code="i">Z 0,00</subfield><subfield code="l">-</subfield><subfield code="o">0</subfield><subfield code="y">Autogr.: Kowalczyk Jerzy</subfield></datafield><datafield ind1=" " ind2=" " tag="996"><subfield code="a">.b11529921</subfield></datafield><datafield ind1=" " ind2=" " tag="998"><subfield code="a">ik</subfield><subfield code="a">o</subfield></datafield><datafield ind1=" " ind2=" " tag="999"><subfield code="a">JB</subfield><subfield code="b">js</subfield></datafield><datafield ind1=" " ind2=" " tag="999"><subfield code="a">sawi</subfield></datafield><datafield ind1=" " ind2=" " tag="999"><subfield code="a">ae</subfield></datafield></record>