</MetadataObject><PersonObject OrderIndex="45" PartyRelation="CREATOR"><PartyName>Wojciech Żukrowski</PartyName><Identifiers><Identifier>1000017230220</Identifier><Scope>TEL</Scope></Identifiers><LifePeriod><Start><Time>-1704153600000</Time><Granularity>YEAR</Granularity><Uncertain>false</Uncertain></Start><End><Time>946684800000</Time><Granularity>YEAR</Granularity><Uncertain>false</Uncertain></End></LifePeriod><FirstNames>Wojciech</FirstNames><Surname>Żukrowski</Surname></PersonObject><PersonObject OrderIndex="46" PartyRelation="CONTRIBUTOR"><PartyName>Ânka Bryl'</PartyName><LifePeriod><Start><Time>-1672531200000</Time><Granularity>YEAR</Granularity><Uncertain>false</Uncertain></Start><End><Time>1136073600000</Time><Granularity>YEAR</Granularity><Uncertain>false</Uncertain></End></LifePeriod><FirstNames>Ânka</FirstNames><Surname>Bryl'</Surname></PersonObject><LinkObject FieldSource="TEL" LinkTarget="CATALOGUE_RECORD" OrderIndex="56"><Url>http://alpha.bn.org.pl/record=b1152949*pol</Url><LinkStatus>NOT_CHECKED</LinkStatus></LinkObject></MetadataRecord>
<MetadataRecord xmlns="http://theeuropeanlibrary.org/internal_object_model" ID="2000048756546"><BibliographicLevelObject OrderIndex="36">MONOGRAPH</BibliographicLevelObject><CatalogingFormObject OrderIndex="35">ISBD</CatalogingFormObject><TitleObject OrderIndex="39" TitleType="MAIN"><Title>Sigismondo Krasinski e l'Italia del Risorgimento</Title></TitleObject><IdentifierObject IdentifierType="LOCAL_IDENTIFIER" OrderIndex="27"><Identifier>b11529398</Identifier></IdentifierObject><IdentifierObject IdentifierType="OAIPMH" OrderIndex="29"><Identifier>urn:theeuropeanlibrary.org:a0232:b11529398</Identifier></IdentifierObject><IdentifierObject IdentifierType="LOCAL_IDENTIFIER" OrderIndex="38"><Identifier>b11529398</Identifier><Scope>a0232</Scope></IdentifierObject><IdentifierObject ContextLevel="RECORD" FieldSource="TEL" OrderIndex="53" PartyIdentifierType="TEL"><Identifier>1000021809712</Identifier><Scope>TEL</Scope></IdentifierObject><IdentifierObject ContextLevel="RECORD" FieldSource="TEL" OrderIndex="54" SpatialIdentifierType="TEL"><Identifier>1000006423848</Identifier><Scope>TEL</Scope></IdentifierObject><IllustrationsObject OrderIndex="34">NO_ILLUSTRATIONS</IllustrationsObject><SpatialEntityObject OrderIndex="46" SpatialRelation="PUBLICATION"><Identifiers><Identifier>IT</Identifier><Scope>ISO3166</Scope></Identifiers></SpatialEntityObject><NamedPlaceObject OrderIndex="44" SpatialRelation="PUBLICATION"><Identifiers><Identifier>1000006423848</Identifier><Scope>TEL</Scope></Identifiers><PlaceName>Napoli</PlaceName></NamedPlaceObject><PrintTypeObject OrderIndex="33">PRINTED</PrintTypeObject><ProvenanceObject OrderIndex="30"><CollectionId>a0232</CollectionId><ProviderId>P01214</ProviderId></ProvenanceObject><StatusObject OrderIndex="26">UPDATED</StatusObject><TextObject OrderIndex="47" TextRelation="EXTENT"><Content>[1], 184-199 s. ;</Content></TextObject><TextObject OrderIndex="48" TextRelation="EXTENT"><Content>25 cm.</Content></TextObject><TextObject NoteType="GENERAL" OrderIndex="49" TextRelation="NOTE"><Content>Estr. dagli "Annali dell' Istituto Universitario Orientale". Sezione Slava.</Content></TextObject><TextObject NoteType="GENERAL" OrderIndex="50" TextRelation="NOTE"><Content>Opis wg okł.</Content></TextObject><TextObject NoteType="GENERAL" OrderIndex="51" TextRelation="NOTE"><Content>Tekst częściowo w jęz. pol.</Content></TextObject><OrganizationObject OrderIndex="45" PartyRelation="PUBLISHER"><PartyName>s. n.</PartyName></OrganizationObject><LanguageObject LanguageRelation="LANGUAGE_OF_CONTENT" OrderIndex="42">ITA</LanguageObject><LanguageObject LanguageRelation="LANGUAGE_OF_CONTENT" OrderIndex="43">POL</LanguageObject><ResourceTypeObject OrderIndex="32">TEXT</ResourceTypeObject><AudienceObject OrderIndex="37">UNKNOW</AudienceObject><InstantObject OrderIndex="28" TemporalRelation="OP_LOADED"><Time>1358943214000</Time><Granularity>SECOND</Granularity><Uncertain>false</Uncertain></InstantObject><InstantObject OrderIndex="41" TemporalRelation="PUBLICATION"><Time>-347155200000</Time><Granularity>YEAR</Granularity><Uncertain>false</Uncertain></InstantObject><MetadataObject FieldSource="PROVIDER" Format="marc21" OrderIndex="31"><record xmlns="info:lc/xmlns/marcxchange-v1"><leader>00813nam a2200229 i 4500</leader><controlfield tag="001">b11529398</controlfield><controlfield tag="008">981002s1959    it           |000 0 ita  </controlfield><datafield ind1=" " ind2=" " tag="040"><subfield code="a">WA N</subfield><subfield code="c">WA N</subfield></datafield><datafield ind1="0" ind2=" " tag="041"><subfield code="a">itapol</subfield></datafield><datafield ind1="1" ind2=" " tag="100"><subfield code="a">Piekut, Stanisław</subfield><subfield code="d">(1907-1980).</subfield></datafield><datafield ind1="1" ind2="0" tag="245"><subfield code="a">Sigismondo Krasinski e l'Italia del Risorgimento.</subfield></datafield><datafield ind1=" " ind2=" " tag="260"><subfield code="a">Napoli :</subfield><subfield code="b">[s. n.],</subfield><subfield code="c">1959</subfield><subfield code="e">([s. l. :</subfield><subfield code="f">s. n.]).</subfield></datafield><datafield ind1=" " ind2=" " tag="300"><subfield code="a">[1], 184-199 s. ;</subfield><subfield code="c">25 cm.</subfield></datafield><datafield ind1=" " ind2=" " tag="500"><subfield code="a">Estr. dagli "Annali dell' Istituto Universitario Orientale". Sezione Slava.</subfield></datafield><datafield ind1=" " ind2=" " tag="500"><subfield code="a">Opis wg okł.</subfield></datafield><datafield ind1=" " ind2=" " tag="500"><subfield code="a">Tekst częściowo w jęz. pol.</subfield></datafield><datafield ind1=" " ind2=" " tag="902"><subfield code="a">121219</subfield><subfield code="c">981005</subfield><subfield code="d">m</subfield><subfield code="e">a</subfield><subfield code="f">-</subfield><subfield code="g">0</subfield></datafield><datafield ind1=" " ind2=" " tag="907"><subfield code="b">bk   </subfield><subfield code="c">-</subfield></datafield><datafield ind1=" " ind2=" " tag="960"><subfield code="a">II 880.136 A</subfield><subfield code="c">bk   </subfield><subfield code="d">30001009771268</subfield><subfield code="h">1975 d 77/3</subfield><subfield code="i">Z 0,00</subfield><subfield code="l">-</subfield><subfield code="o">0</subfield></datafield><datafield ind1=" " ind2=" " tag="960"><subfield code="a">II 1.514.593</subfield><subfield code="c">bk   </subfield><subfield code="d">30001008167390</subfield><subfield code="h">1994 w 208/173</subfield><subfield code="i">Z 0,00</subfield><subfield code="l">-</subfield><subfield code="o">1</subfield></datafield><datafield ind1=" " ind2=" " tag="996"><subfield code="a">.b11529398</subfield></datafield><datafield ind1=" " ind2=" " tag="998"><subfield code="a">o</subfield></datafield></record>