</MetadataObject><PersonObject OrderIndex="40" PartyRelation="CREATOR"><PartyName>Stanisław Piekut</PartyName><Identifiers><Identifier>1000021809712</Identifier><Scope>TEL</Scope></Identifiers><LifePeriod><Start><Time>-1988150400000</Time><Granularity>YEAR</Granularity><Uncertain>false</Uncertain></Start><End><Time>315532800000</Time><Granularity>YEAR</Granularity><Uncertain>false</Uncertain></End></LifePeriod><FirstNames>Stanisław</FirstNames><Surname>Piekut</Surname></PersonObject><LinkObject FieldSource="TEL" LinkTarget="CATALOGUE_RECORD" OrderIndex="52"><Url>http://alpha.bn.org.pl/record=b1152939*pol</Url><LinkStatus>NOT_CHECKED</LinkStatus></LinkObject></MetadataRecord>
<MetadataRecord xmlns="http://theeuropeanlibrary.org/internal_object_model" ID="2000048756568"><BibliographicLevelObject OrderIndex="36">MONOGRAPH</BibliographicLevelObject><CatalogingFormObject OrderIndex="35">ISBD</CatalogingFormObject><TitleObject OrderIndex="39" TitleType="MAIN"><Title>Na śladach tajemnic różańcowych</Title><SubTitle>czytanki na miesiąc październik</SubTitle></TitleObject><IdentifierObject IdentifierType="LOCAL_IDENTIFIER" OrderIndex="27"><Identifier>b11529611</Identifier></IdentifierObject><IdentifierObject IdentifierType="OAIPMH" OrderIndex="29"><Identifier>urn:theeuropeanlibrary.org:a0232:b11529611</Identifier></IdentifierObject><IdentifierObject IdentifierType="LOCAL_IDENTIFIER" OrderIndex="38"><Identifier>b11529611</Identifier><Scope>a0232</Scope></IdentifierObject><IdentifierObject ContextLevel="CONTENT" FieldSource="TEL" OrderIndex="53" PartyIdentifierType="TEL"><Identifier>1000022121427</Identifier><Scope>TEL</Scope></IdentifierObject><IllustrationsObject OrderIndex="34">NO_ILLUSTRATIONS</IllustrationsObject><SpatialEntityObject OrderIndex="44" SpatialRelation="PUBLICATION"><Identifiers><Identifier>PL</Identifier><Scope>ISO3166</Scope></Identifiers></SpatialEntityObject><NamedPlaceObject OrderIndex="42" SpatialRelation="PUBLICATION"><PlaceName>S. l.</PlaceName></NamedPlaceObject><PrintTypeObject OrderIndex="33">PRINTED</PrintTypeObject><ProvenanceObject OrderIndex="30"><CollectionId>a0232</CollectionId><ProviderId>P01214</ProviderId></ProvenanceObject><StatusObject OrderIndex="26">UPDATED</StatusObject><TextObject OrderIndex="48" TextRelation="EXTENT"><Content>[4], 90 s. ;</Content></TextObject><TextObject OrderIndex="49" TextRelation="EXTENT"><Content>28 cm.</Content></TextObject><TextObject NoteType="GENERAL" OrderIndex="50" TextRelation="NOTE"><Content>Maszyn. powiel.</Content></TextObject><TextObject NoteType="GENERAL" OrderIndex="51" TextRelation="NOTE"><Content>R. wyd. wg daty druku.</Content></TextObject><OrganizationObject OrderIndex="43" PartyRelation="PUBLISHER"><PartyName>s. n.</PartyName></OrganizationObject><LanguageObject LanguageRelation="LANGUAGE_OF_CONTENT" OrderIndex="41">POL</LanguageObject><ResourceTypeObject OrderIndex="32">TEXT</ResourceTypeObject><TopicObject OrderIndex="47"><TopicName>Rozmyślania religijne</TopicName></TopicObject><AudienceObject OrderIndex="37">UNKNOW</AudienceObject><InstantObject OrderIndex="28" TemporalRelation="OP_LOADED"><Time>1358943207000</Time><Granularity>SECOND</Granularity><Uncertain>false</Uncertain></InstantObject><InstantObject OrderIndex="40" TemporalRelation="PUBLICATION"><Time>-189388800000</Time><Granularity>YEAR</Granularity><Uncertain>false</Uncertain></InstantObject><MetadataObject FieldSource="PROVIDER" Format="marc21" OrderIndex="31"><record xmlns="info:lc/xmlns/marcxchange-v1"><leader>00849nam a2200253 i 4500</leader><controlfield tag="001">b11529611</controlfield><controlfield tag="008">981002s1964    pl           |000 0 pol  </controlfield><datafield ind1=" " ind2=" " tag="040"><subfield code="a">WA N</subfield><subfield code="c">WA N</subfield></datafield><datafield ind1="0" ind2="0" tag="245"><subfield code="a">Na śladach tajemnic różańcowych :</subfield><subfield code="b">czytanki na miesiąc październik.</subfield></datafield><datafield ind1=" " ind2=" " tag="260"><subfield code="a">[S. l. :</subfield><subfield code="b">s. n.,</subfield><subfield code="c">1964]</subfield><subfield code="e">([Warszawa] :</subfield><subfield code="f">KMW,</subfield><subfield code="g">1964).</subfield></datafield><datafield ind1=" " ind2=" " tag="300"><subfield code="a">[4], 90 s. ;</subfield><subfield code="c">28 cm.</subfield></datafield><datafield ind1=" " ind2=" " tag="500"><subfield code="a">Maszyn. powiel.</subfield></datafield><datafield ind1=" " ind2=" " tag="500"><subfield code="a">R. wyd. wg daty druku.</subfield></datafield><datafield ind1="0" ind2="4" tag="600"><subfield code="a">Jezus Chrystus</subfield></datafield><datafield ind1="0" ind2="4" tag="600"><subfield code="a">Maria</subfield><subfield code="c">(Matka Jezusa Chrystusa)</subfield></datafield><datafield ind1=" " ind2="4" tag="655"><subfield code="a">Rozmyślania religijne</subfield></datafield><datafield ind1=" " ind2=" " tag="902"><subfield code="a">121211</subfield><subfield code="c">981005</subfield><subfield code="d">m</subfield><subfield code="e">a</subfield><subfield code="f">-</subfield><subfield code="g">0</subfield></datafield><datafield ind1=" " ind2=" " tag="907"><subfield code="b">bk   </subfield><subfield code="c">-</subfield></datafield><datafield ind1=" " ind2=" " tag="960"><subfield code="a">III 1.785.157</subfield><subfield code="c">bk   </subfield><subfield code="d">30001009695427</subfield><subfield code="h">1996 k 682/54</subfield><subfield code="i">Z 0,01</subfield><subfield code="k">1</subfield><subfield code="l">-</subfield><subfield code="o">1</subfield></datafield><datafield ind1=" " ind2=" " tag="960"><subfield code="a">III 1.395.149 A</subfield><subfield code="c">bk   </subfield><subfield code="h">1995 k 1573/51</subfield><subfield code="i">Z 0,02</subfield><subfield code="k">1</subfield><subfield code="l">-</subfield><subfield code="o">0</subfield></datafield><datafield ind1=" " ind2=" " tag="996"><subfield code="a">.b11529611</subfield></datafield><datafield ind1=" " ind2=" " tag="998"><subfield code="a">ik</subfield><subfield code="a">o</subfield></datafield><datafield ind1=" " ind2=" " tag="999"><subfield code="b">iw</subfield><subfield code="b">aka</subfield><subfield code="b">ał</subfield><subfield code="b">js</subfield><subfield code="b">mb</subfield><subfield code="b">ae</subfield></datafield><datafield ind1=" " ind2=" " tag="999"><subfield code="a">anku</subfield></datafield></record>