</MetadataObject><PersonObject OrderIndex="45" PartyRelation="CREATOR"><PartyName>Jerzy. Lukowski</PartyName><Identifiers><Identifier>1000021603223</Identifier><Scope>TEL</Scope></Identifiers><FirstNames>Jerzy.</FirstNames><Surname>Lukowski</Surname></PersonObject><LinkObject FieldSource="TEL" LinkTarget="CATALOGUE_RECORD" OrderIndex="56"><Url>http://alpha.bn.org.pl/record=b1153048*pol</Url><LinkStatus>NOT_CHECKED</LinkStatus></LinkObject></MetadataRecord>
<MetadataRecord xmlns="http://theeuropeanlibrary.org/internal_object_model" ID="2000048756644"><BibliographicLevelObject OrderIndex="41">MONOGRAPH</BibliographicLevelObject><CatalogingFormObject OrderIndex="40">ISBD</CatalogingFormObject><TitleObject OrderIndex="46" TitleType="MAIN"><Title>Palanez dlja kasìneraǔ</Title><SubTitle>(z padzej paŭstannja 1794 g. pad kìraŭnìctvam T. Kascjuškì na Belarusì)</SubTitle></TitleObject><IdentifierObject IdentifierType="LOCAL_IDENTIFIER" OrderIndex="31"><Identifier>b11530388</Identifier></IdentifierObject><IdentifierObject IdentifierType="OAIPMH" OrderIndex="33"><Identifier>urn:theeuropeanlibrary.org:a0232:b11530388</Identifier></IdentifierObject><IdentifierObject IdentifierType="LOCAL_IDENTIFIER" OrderIndex="43"><Identifier>b11530388</Identifier><Scope>a0232</Scope></IdentifierObject><IdentifierObject IdentifierType="ISBN" OrderIndex="44"><Identifier>533800917X</Identifier></IdentifierObject><IdentifierObject ContextLevel="CONTENT" FieldSource="TEL" OrderIndex="61" SpatialIdentifierType="TEL"><Identifier>1000001333694</Identifier><Scope>TEL</Scope></IdentifierObject><IllustrationsObject OrderIndex="38">ILLUSTRATIONS</IllustrationsObject><IllustrationsObject OrderIndex="39">NO_ILLUSTRATIONS</IllustrationsObject><SpatialEntityObject OrderIndex="53" SpatialRelation="PUBLICATION"><Identifiers><Identifier>BY</Identifier><Scope>ISO3166</Scope></Identifiers></SpatialEntityObject><NamedPlaceObject OrderIndex="51" SpatialRelation="PUBLICATION"><PlaceName>Mìnsk</PlaceName></NamedPlaceObject><NamedPlaceObject OrderIndex="55" SpatialRelation="SUBJECT"><Identifiers><Identifier>1000001333694</Identifier><Scope>TEL</Scope></Identifiers><PlaceName>Białoruś</PlaceName><Subject><ChronologicalSubdivision><Instant><Time>-61599312000000</Time><Granularity>YEAR</Granularity><Uncertain>false</Uncertain></Instant></ChronologicalSubdivision></Subject></NamedPlaceObject><PrintTypeObject OrderIndex="37">PRINTED</PrintTypeObject><ProvenanceObject OrderIndex="34"><CollectionId>a0232</CollectionId><ProviderId>P01214</ProviderId></ProvenanceObject><StatusObject OrderIndex="30">UPDATED</StatusObject><TextObject OrderIndex="45" TextRelation="STATEMENT_OF_RESPONSIBILITY"><Content>Ŭladzìmìr Emjal'jančyk.</Content></TextObject><TextObject OrderIndex="56" TextRelation="FORMAT_UNCONTROLED"><Content>fot., portr. ;</Content></TextObject><TextObject OrderIndex="57" TextRelation="EXTENT"><Content>158, [2] s. :</Content></TextObject><TextObject OrderIndex="58" TextRelation="EXTENT"><Content>20 cm.</Content></TextObject><TextObject NoteType="GENERAL" OrderIndex="59" TextRelation="NOTE"><Content>Dotyczy m.in. powstania Kościuszki na terenie Białorusi.</Content></TextObject><OrganizationObject ContributionType="PUBLISHER" OrderIndex="48" PartyRelation="CONTRIBUTOR"><PartyName>Vydavectva "Belarus'".</PartyName><Subdivision/></OrganizationObject><OrganizationObject OrderIndex="52" PartyRelation="PUBLISHER"><PartyName>"Belarus'"</PartyName></OrganizationObject><LanguageObject LanguageRelation="LANGUAGE_OF_CONTENT" OrderIndex="50">BEL</LanguageObject><ResourceTypeObject OrderIndex="36">TEXT</ResourceTypeObject><TopicObject OrderIndex="54"><TopicName>Powstanie 1794 r. kościuszkowskie</TopicName></TopicObject><AudienceObject OrderIndex="42">UNKNOW</AudienceObject><InstantObject OrderIndex="32" TemporalRelation="OP_LOADED"><Time>1358943216000</Time><Granularity>SECOND</Granularity><Uncertain>false</Uncertain></InstantObject><InstantObject OrderIndex="49" TemporalRelation="PUBLICATION"><Time>757382400000</Time><Granularity>YEAR</Granularity><Uncertain>false</Uncertain></InstantObject><MetadataObject FieldSource="PROVIDER" Format="marc21" OrderIndex="35"><record xmlns="info:lc/xmlns/marcxchange-v1"><leader>01029nam a2200289 i 4500</leader><controlfield tag="001">b11530388</controlfield><controlfield tag="008">981002s1994    bw a         |000 0 bel  </controlfield><datafield ind1=" " ind2=" " tag="020"><subfield code="a">533800917X</subfield></datafield><datafield ind1=" " ind2=" " tag="040"><subfield code="a">WA N</subfield><subfield code="c">WA N</subfield></datafield><datafield ind1="1" ind2=" " tag="100"><subfield code="a">Emjal'jančyk, Ŭladzìmìr.</subfield></datafield><datafield ind1="1" ind2="0" tag="245"><subfield code="a">Palanez dlja kasìneraǔ :</subfield><subfield code="b">(z padzej paŭstannja 1794 g. pad kìraŭnìctvam T. Kascjuškì na Belarusì) /</subfield><subfield code="c">Ŭladzìmìr Emjal'jančyk.</subfield></datafield><datafield ind1=" " ind2=" " tag="260"><subfield code="a">Mìnsk :</subfield><subfield code="b">"Belarus'",</subfield><subfield code="c">1994.</subfield></datafield><datafield ind1=" " ind2=" " tag="300"><subfield code="a">158, [2] s. :</subfield><subfield code="b">fot., portr. ;</subfield><subfield code="c">20 cm.</subfield></datafield><datafield ind1=" " ind2=" " tag="500"><subfield code="a">Dotyczy m.in. powstania Kościuszki na terenie Białorusi.</subfield></datafield><datafield ind1=" " ind2="4" tag="650"><subfield code="a">Powstanie 1794 r. kościuszkowskie</subfield></datafield><datafield ind1=" " ind2="4" tag="651"><subfield code="a">Białoruś</subfield><subfield code="y">18 w.</subfield></datafield><datafield ind1="2" ind2=" " tag="710"><subfield code="a">Vydavectva "Belarus'".</subfield><subfield code="4">pbl</subfield></datafield><datafield ind1=" " ind2=" " tag="902"><subfield code="a">130103</subfield><subfield code="c">990226</subfield><subfield code="d">m</subfield><subfield code="e">a</subfield><subfield code="f">-</subfield><subfield code="g">0</subfield></datafield><datafield ind1=" " ind2=" " tag="907"><subfield code="b">bk   </subfield><subfield code="c">-</subfield></datafield><datafield ind1=" " ind2=" " tag="920"><subfield code="a">5-338-00917-X</subfield></datafield><datafield ind1=" " ind2=" " tag="960"><subfield code="a">I 1.764.768</subfield><subfield code="c">bk   </subfield><subfield code="d">30001008920605</subfield><subfield code="h">1995 w 584/4</subfield><subfield code="i">Z 0,10</subfield><subfield code="k">1</subfield><subfield code="l">-</subfield><subfield code="o">1</subfield></datafield><datafield ind1=" " ind2=" " tag="960"><subfield code="a">I 1.880.039 A</subfield><subfield code="c">bk   </subfield><subfield code="h">1994 w 327/8</subfield><subfield code="i">Z 0,10</subfield><subfield code="k">1</subfield><subfield code="l">-</subfield><subfield code="o">0</subfield></datafield><datafield ind1=" " ind2=" " tag="996"><subfield code="a">.b11530388</subfield></datafield><datafield ind1=" " ind2=" " tag="998"><subfield code="a">ik</subfield><subfield code="a">o</subfield></datafield><datafield ind1=" " ind2=" " tag="999"><subfield code="a">JB</subfield><subfield code="b">js</subfield></datafield><datafield ind1=" " ind2=" " tag="999"><subfield code="a">anno</subfield><subfield code="a">mabl</subfield><subfield code="a">piju</subfield></datafield><datafield ind1=" " ind2=" " tag="999"><subfield code="a">ae</subfield></datafield></record>