</MetadataObject><PersonObject OrderIndex="43" PartyRelation="CREATOR"><PartyName>Rett R. Ludwikowski</PartyName><Identifiers><Identifier>3000004058443</Identifier><Scope>TEL</Scope></Identifiers><Identifiers><Identifier>2000074070336</Identifier><Scope>TEL</Scope></Identifiers><Identifiers><Identifier>2000072628007</Identifier><Scope>TEL</Scope></Identifiers><Identifiers><Identifier>1000017166213</Identifier><Scope>TEL</Scope></Identifiers><Identifiers><Identifier>2000074328666</Identifier><Scope>TEL</Scope></Identifiers><LifePeriod><Start><Time>-852080400000</Time><Granularity>YEAR</Granularity><Uncertain>false</Uncertain></Start></LifePeriod><FirstNames>Rett R.</FirstNames><Surname>Ludwikowski</Surname></PersonObject><LinkObject FieldSource="TEL" LinkTarget="CATALOGUE_RECORD" OrderIndex="54"><Url>http://alpha.bn.org.pl/record=b1153050*pol</Url><LinkStatus>NOT_CHECKED</LinkStatus></LinkObject></MetadataRecord>
<MetadataRecord xmlns="http://theeuropeanlibrary.org/internal_object_model" ID="2000048756614"><BibliographicLevelObject OrderIndex="37">MONOGRAPH</BibliographicLevelObject><CatalogingFormObject OrderIndex="36">ISBD</CatalogingFormObject><TitleObject OrderIndex="41" TitleType="MAIN"><Title>Polonia</Title><SubTitle>[la saga di un popolo indomabile]</SubTitle></TitleObject><TitleObject OrderIndex="42" TitleType="ALTERNATIVE"><Title>Poland</Title></TitleObject><IdentifierObject IdentifierType="LOCAL_IDENTIFIER" OrderIndex="28"><Identifier>b1153008x</Identifier></IdentifierObject><IdentifierObject IdentifierType="OAIPMH" OrderIndex="30"><Identifier>urn:theeuropeanlibrary.org:a0232:b1153008x</Identifier></IdentifierObject><IdentifierObject IdentifierType="LOCAL_IDENTIFIER" OrderIndex="39"><Identifier>b1153008x</Identifier><Scope>a0232</Scope></IdentifierObject><IdentifierObject ContextLevel="RECORD" FieldSource="TEL" OrderIndex="55" PartyIdentifierType="TEL"><Identifier>3000002779516</Identifier><Scope>TEL</Scope></IdentifierObject><IdentifierObject ContextLevel="RECORD" FieldSource="TEL" OrderIndex="56" PartyIdentifierType="TEL"><Identifier>1000013547545</Identifier><Scope>TEL</Scope></IdentifierObject><IdentifierObject ContextLevel="RECORD" FieldSource="TEL" OrderIndex="57" PartyIdentifierType="TEL"><Identifier>2000077717847</Identifier><Scope>TEL</Scope></IdentifierObject><IdentifierObject ContextLevel="RECORD" FieldSource="TEL" OrderIndex="58" PartyIdentifierType="TEL"><Identifier>1000016898561</Identifier><Scope>TEL</Scope></IdentifierObject><IdentifierObject ContextLevel="RECORD" FieldSource="TEL" OrderIndex="59" PartyIdentifierType="TEL"><Identifier>1000022570575</Identifier><Scope>TEL</Scope></IdentifierObject><IdentifierObject ContextLevel="RECORD" FieldSource="TEL" OrderIndex="60" PartyIdentifierType="TEL"><Identifier>2000072402217</Identifier><Scope>TEL</Scope></IdentifierObject><IdentifierObject ContextLevel="RECORD" FieldSource="TEL" OrderIndex="61" SpatialIdentifierType="TEL"><Identifier>1000006426254</Identifier><Scope>TEL</Scope></IdentifierObject><IllustrationsObject OrderIndex="35">NO_ILLUSTRATIONS</IllustrationsObject><SpatialEntityObject OrderIndex="49" SpatialRelation="PUBLICATION"><Identifiers><Identifier>IT</Identifier><Scope>ISO3166</Scope></Identifiers></SpatialEntityObject><NamedPlaceObject OrderIndex="47" SpatialRelation="PUBLICATION"><Identifiers><Identifier>1000006426254</Identifier><Scope>TEL</Scope></Identifiers><PlaceName>Milano</PlaceName></NamedPlaceObject><PrintTypeObject OrderIndex="34">PRINTED</PrintTypeObject><ProvenanceObject OrderIndex="31"><CollectionId>a0232</CollectionId><ProviderId>P01214</ProviderId></ProvenanceObject><StatusObject OrderIndex="27">UPDATED</StatusObject><TextObject OrderIndex="40" TextRelation="STATEMENT_OF_RESPONSIBILITY"><Content>di James A. Michener ; [trad. di Grazia Lanzillo].</Content></TextObject><TextObject OrderIndex="51" TextRelation="EXTENT"><Content>645, [5] s. ;</Content></TextObject><TextObject OrderIndex="52" TextRelation="EXTENT"><Content>21 cm.</Content></TextObject><TextObject NoteType="EXTERNAL_INDEXES" OrderIndex="53" TextRelation="NOTE"><Content>BNI 1989. z. 11 poz. 11629.</Content></TextObject><OrganizationObject OrderIndex="48" PartyRelation="PUBLISHER"><PartyName>Bompiani</PartyName><Identifiers><Identifier>1000022570575</Identifier><Scope>TEL</Scope></Identifiers><Identifiers><Identifier>3000002779516</Identifier><Scope>TEL</Scope></Identifiers></OrganizationObject><LanguageObject LanguageRelation="LANGUAGE_OF_CONTENT" OrderIndex="46">ITA</LanguageObject><ResourceTypeObject OrderIndex="33">TEXT</ResourceTypeObject><TopicObject OrderIndex="50"><ChronologicalSubdivision><Instant><Time>-61536240000000</Time><Granularity>YEAR</Granularity><Uncertain>false</Uncertain></Instant></ChronologicalSubdivision><TopicName>Powieść amerykańska</TopicName></TopicObject><AudienceObject OrderIndex="38">UNKNOW</AudienceObject><InstantObject OrderIndex="29" TemporalRelation="OP_LOADED"><Time>1358943214000</Time><Granularity>SECOND</Granularity><Uncertain>false</Uncertain></InstantObject><InstantObject OrderIndex="45" TemporalRelation="PUBLICATION"><Time>536457600000</Time><Granularity>YEAR</Granularity><Uncertain>false</Uncertain></InstantObject><MetadataObject FieldSource="PROVIDER" Format="marc21" OrderIndex="32"><record xmlns="info:lc/xmlns/marcxchange-v1"><leader>00912nam a2200277 i 4500</leader><controlfield tag="001">b1153008x</controlfield><controlfield tag="008">981002s1987    it           |000 f ita  </controlfield><datafield ind1=" " ind2=" " tag="040"><subfield code="a">WA N</subfield><subfield code="c">WA N</subfield></datafield><datafield ind1="1" ind2=" " tag="041"><subfield code="a">ita</subfield><subfield code="h">eng</subfield></datafield><datafield ind1="1" ind2=" " tag="100"><subfield code="a">Michener, James A.</subfield><subfield code="d">(1907-1997).</subfield></datafield><datafield ind1="1" ind2="0" tag="245"><subfield code="a">Polonia :</subfield><subfield code="b">[la saga di un popolo indomabile] /</subfield><subfield code="c">di James A. Michener ; [trad. di Grazia Lanzillo].</subfield></datafield><datafield ind1="1" ind2=" " tag="246"><subfield code="i">Tyt. oryg.:</subfield><subfield code="a">Poland</subfield></datafield><datafield ind1=" " ind2=" " tag="260"><subfield code="a">Milano :</subfield><subfield code="b">Bompiani,</subfield><subfield code="c">1987.</subfield></datafield><datafield ind1=" " ind2=" " tag="300"><subfield code="a">645, [5] s. ;</subfield><subfield code="c">21 cm.</subfield></datafield><datafield ind1="1" ind2=" " tag="490"><subfield code="a">I Grandi Tascabili Bompiani ;</subfield><subfield code="v">75</subfield></datafield><datafield ind1="4" ind2=" " tag="510"><subfield code="a">BNI 1989</subfield><subfield code="c">z. 11 poz. 11629.</subfield></datafield><datafield ind1=" " ind2="4" tag="655"><subfield code="a">Powieść amerykańska</subfield><subfield code="y">20 w.</subfield></datafield><datafield ind1="1" ind2=" " tag="700"><subfield code="a">Lanzillo, Grazia.</subfield><subfield code="e">Tł.</subfield></datafield><datafield ind1=" " ind2="2" tag="830"><subfield code="a">I Grandi Tascabili Bompiani ;</subfield><subfield code="v">75</subfield></datafield><datafield ind1=" " ind2=" " tag="902"><subfield code="a">121211</subfield><subfield code="c">981005</subfield><subfield code="d">m</subfield><subfield code="e">a</subfield><subfield code="f">-</subfield><subfield code="g">0</subfield></datafield><datafield ind1=" " ind2=" " tag="907"><subfield code="b">bk   </subfield><subfield code="c">-</subfield></datafield><datafield ind1=" " ind2=" " tag="960"><subfield code="a">II 1.840.740 A</subfield><subfield code="c">bk   </subfield><subfield code="d">30001009349979</subfield><subfield code="h">1994 w 208/138</subfield><subfield code="i">Z 0,60</subfield><subfield code="k">1</subfield><subfield code="l">-</subfield><subfield code="o">0</subfield></datafield><datafield ind1=" " ind2=" " tag="996"><subfield code="a">.b1153008x</subfield></datafield><datafield ind1=" " ind2=" " tag="998"><subfield code="a">ik</subfield><subfield code="a">o</subfield></datafield><datafield ind1=" " ind2=" " tag="999"><subfield code="a">JB</subfield><subfield code="b">js</subfield></datafield><datafield ind1=" " ind2=" " tag="999"><subfield code="a">resi</subfield></datafield></record>