</MetadataObject><PersonObject OrderIndex="43" PartyRelation="CREATOR"><PartyName>James A. Michener</PartyName><Identifiers><Identifier>1000016898561</Identifier><Scope>TEL</Scope></Identifiers><Identifiers><Identifier>2000072402217</Identifier><Scope>TEL</Scope></Identifiers><LifePeriod><Start><Time>-1988150400000</Time><Granularity>YEAR</Granularity><Uncertain>false</Uncertain></Start><End><Time>852076800000</Time><Granularity>YEAR</Granularity><Uncertain>false</Uncertain></End></LifePeriod><FirstNames>James A.</FirstNames><Surname>Michener</Surname></PersonObject><PersonObject OrderIndex="44" PartyRelation="CONTRIBUTOR"><PartyName>Grazia. Lanzillo</PartyName><Identifiers><Identifier>1000013547545</Identifier><Scope>TEL</Scope></Identifiers><Identifiers><Identifier>2000077717847</Identifier><Scope>TEL</Scope></Identifiers><FirstNames>Grazia.</FirstNames><Surname>Lanzillo</Surname></PersonObject><LinkObject FieldSource="TEL" LinkTarget="CATALOGUE_RECORD" OrderIndex="54"><Url>http://alpha.bn.org.pl/record=b1153008*pol</Url><LinkStatus>NOT_CHECKED</LinkStatus></LinkObject></MetadataRecord>
<MetadataRecord xmlns="http://theeuropeanlibrary.org/internal_object_model" ID="2000048756636"><BibliographicLevelObject OrderIndex="41">MONOGRAPH</BibliographicLevelObject><CatalogingFormObject OrderIndex="40">ISBD</CatalogingFormObject><TitleObject OrderIndex="46" TitleType="MAIN"><Title>Industrialisierung, sozialer Wandel und Arbeiterbewegung in Deutschland und Polen bis 1914</Title><SubTitle>XVI. deutsch-polnische Schulbuchkonferenz der Historiker 24. bis 29. Mai 1983 in Warschau</SubTitle></TitleObject><IdentifierObject IdentifierType="LOCAL_IDENTIFIER" OrderIndex="32"><Identifier>b11530303</Identifier></IdentifierObject><IdentifierObject IdentifierType="OAIPMH" OrderIndex="34"><Identifier>urn:theeuropeanlibrary.org:a0232:b11530303</Identifier></IdentifierObject><IdentifierObject IdentifierType="LOCAL_IDENTIFIER" OrderIndex="43"><Identifier>b11530303</Identifier><Scope>a0232</Scope></IdentifierObject><IdentifierObject IdentifierType="ISBN" OrderIndex="44"><Identifier>3883041076</Identifier></IdentifierObject><IdentifierObject ContextLevel="RECORD" FieldSource="TEL" OrderIndex="63" PartyIdentifierType="TEL"><Identifier>1000020822430</Identifier><Scope>TEL</Scope></IdentifierObject><IdentifierObject ContextLevel="RECORD" FieldSource="TEL" OrderIndex="64" SpatialIdentifierType="TEL"><Identifier>1000005969107</Identifier><Scope>TEL</Scope></IdentifierObject><IdentifierObject ContextLevel="CONTENT" FieldSource="TEL" OrderIndex="65" SpatialIdentifierType="TEL"><Identifier>1000005921967</Identifier><Scope>TEL</Scope></IdentifierObject><IllustrationsObject OrderIndex="39">NO_ILLUSTRATIONS</IllustrationsObject><SpatialEntityObject OrderIndex="52" SpatialRelation="PUBLICATION"><Identifiers><Identifier>DE</Identifier><Scope>ISO3166</Scope></Identifiers></SpatialEntityObject><NamedPlaceObject OrderIndex="50" SpatialRelation="PUBLICATION"><Identifiers><Identifier>1000005969107</Identifier><Scope>TEL</Scope></Identifiers><PlaceName>Braunschweig</PlaceName></NamedPlaceObject><PrintTypeObject OrderIndex="38">PRINTED</PrintTypeObject><ProvenanceObject OrderIndex="35"><CollectionId>a0232</CollectionId><ProviderId>P01214</ProviderId></ProvenanceObject><StatusObject OrderIndex="31">UPDATED</StatusObject><TextObject OrderIndex="45" TextRelation="STATEMENT_OF_RESPONSIBILITY"><Content>Red. Wolfgang Jacobmeyer ; Gemeinsame Deutsch-Polnische Schulbuchkommission.</Content></TextObject><TextObject OrderIndex="60" TextRelation="EXTENT"><Content>183 s. ;</Content></TextObject><TextObject OrderIndex="61" TextRelation="EXTENT"><Content>24 cm.</Content></TextObject><OrganizationObject OrderIndex="51" PartyRelation="PUBLISHER"><PartyName>Selbstverl. des Georg-Eckert-Inst. für intern. Schulbuchforschung</PartyName></OrganizationObject><LanguageObject LanguageRelation="LANGUAGE_OF_CONTENT" OrderIndex="49">GER</LanguageObject><ResourceTypeObject OrderIndex="37">TEXT</ResourceTypeObject><TopicObject OrderIndex="53"><ChronologicalSubdivision><Instant><Time>-61517836800000</Time><Granularity>MONTH</Granularity><Uncertain>false</Uncertain></Instant></ChronologicalSubdivision><GeographicSubdivision><NamedPlace><Identifiers><Identifier>1000005921967</Identifier><Scope>TEL</Scope></Identifiers><PlaceName>Niemcy</PlaceName></NamedPlace></GeographicSubdivision><TopicName>Industrializacja</TopicName></TopicObject><TopicObject OrderIndex="54"><ChronologicalSubdivision><Instant><Time>-61517836800000</Time><Granularity>MONTH</Granularity><Uncertain>false</Uncertain></Instant></ChronologicalSubdivision><GeographicSubdivision><NamedPlace><PlaceName>Polska</PlaceName></NamedPlace></GeographicSubdivision><TopicName>Industrializacja</TopicName></TopicObject><TopicObject OrderIndex="55"><ChronologicalSubdivision><Instant><Time>-61517836800000</Time><Granularity>MONTH</Granularity><Uncertain>false</Uncertain></Instant></ChronologicalSubdivision><GeographicSubdivision><NamedPlace><Identifiers><Identifier>1000005921967</Identifier><Scope>TEL</Scope></Identifiers><PlaceName>Niemcy</PlaceName></NamedPlace></GeographicSubdivision><TopicName>Ruchy i organizacje robotnicze</TopicName></TopicObject><TopicObject OrderIndex="56"><ChronologicalSubdivision><Instant><Time>-61517836800000</Time><Granularity>MONTH</Granularity><Uncertain>false</Uncertain></Instant></ChronologicalSubdivision><GeographicSubdivision><NamedPlace><PlaceName>Polska</PlaceName></NamedPlace></GeographicSubdivision><TopicName>Ruchy i organizacje robotnicze</TopicName></TopicObject><TopicObject OrderIndex="57"><TopicName>Materiały konferencyjne</TopicName></TopicObject><TopicObject OrderIndex="58"><GeneralSubdivision>historia</GeneralSubdivision><ChronologicalSubdivision><Instant><Time>-61517836800000</Time><Granularity>MONTH</Granularity><Uncertain>false</Uncertain></Instant></ChronologicalSubdivision><GeographicSubdivision><NamedPlace><Identifiers><Identifier>1000005921967</Identifier><Scope>TEL</Scope></Identifiers><PlaceName>Niemcy</PlaceName></NamedPlace></GeographicSubdivision><TopicName>Podręczniki szkolne</TopicName></TopicObject><TopicObject OrderIndex="59"><GeneralSubdivision>historia</GeneralSubdivision><ChronologicalSubdivision><Instant><Time>-61517836800000</Time><Granularity>MONTH</Granularity><Uncertain>false</Uncertain></Instant></ChronologicalSubdivision><GeographicSubdivision><NamedPlace><PlaceName>Polska</PlaceName></NamedPlace></GeographicSubdivision><TopicName>Podręczniki szkolne</TopicName></TopicObject><AudienceObject OrderIndex="42">UNKNOW</AudienceObject><InstantObject OrderIndex="33" TemporalRelation="OP_LOADED"><Time>1358943207000</Time><Granularity>SECOND</Granularity><Uncertain>false</Uncertain></InstantObject><InstantObject OrderIndex="48" TemporalRelation="PUBLICATION"><Time>410227200000</Time><Granularity>YEAR</Granularity><Uncertain>false</Uncertain></InstantObject><MetadataObject FieldSource="PROVIDER" Format="marc21" OrderIndex="36"><record xmlns="info:lc/xmlns/marcxchange-v1"><leader>01603nam a2200337 i 4500</leader><controlfield tag="001">b11530303</controlfield><controlfield tag="008">981002s1983    gw           |100 0 ger  </controlfield><datafield ind1=" " ind2=" " tag="020"><subfield code="a">3883041076</subfield></datafield><datafield ind1=" " ind2=" " tag="040"><subfield code="a">WA N</subfield><subfield code="c">WA N</subfield></datafield><datafield ind1="0" ind2="0" tag="245"><subfield code="a">Industrialisierung, sozialer Wandel und Arbeiterbewegung in Deutschland und Polen bis 1914 :</subfield><subfield code="b">XVI. deutsch-polnische Schulbuchkonferenz der Historiker 24. bis 29. Mai 1983 in Warschau /</subfield><subfield code="c">Red. Wolfgang Jacobmeyer ; Gemeinsame Deutsch-Polnische Schulbuchkommission.</subfield></datafield><datafield ind1=" " ind2=" " tag="260"><subfield code="a">Braunschweig :</subfield><subfield code="b">Selbstverl. des Georg-Eckert-Inst. für intern. Schulbuchforschung,</subfield><subfield code="c">[1983] (Dr. 1983).</subfield></datafield><datafield ind1=" " ind2=" " tag="300"><subfield code="a">183 s. ;</subfield><subfield code="c">24 cm.</subfield></datafield><datafield ind1="1" ind2=" " tag="490"><subfield code="a">Schriftenreihe des Georg-Eckert-Instituts für Internationale Schulbuchforschung ;</subfield><subfield code="v">Bd. 22/VII</subfield></datafield><datafield ind1=" " ind2="4" tag="650"><subfield code="a">Industrializacja</subfield><subfield code="z">Niemcy</subfield><subfield code="y">19-20 w.</subfield></datafield><datafield ind1=" " ind2="4" tag="650"><subfield code="a">Industrializacja</subfield><subfield code="z">Polska</subfield><subfield code="y">19-20 w.</subfield></datafield><datafield ind1=" " ind2="4" tag="650"><subfield code="a">Ruchy i organizacje robotnicze</subfield><subfield code="z">Niemcy</subfield><subfield code="y">19-20 w.</subfield></datafield><datafield ind1=" " ind2="4" tag="650"><subfield code="a">Ruchy i organizacje robotnicze</subfield><subfield code="z">Polska</subfield><subfield code="y">19-20 w.</subfield></datafield><datafield ind1=" " ind2="4" tag="655"><subfield code="a">Materiały konferencyjne</subfield></datafield><datafield ind1=" " ind2="4" tag="655"><subfield code="a">Podręczniki szkolne</subfield><subfield code="x">historia</subfield><subfield code="z">Niemcy</subfield><subfield code="y">19-20 w.</subfield></datafield><datafield ind1=" " ind2="4" tag="655"><subfield code="a">Podręczniki szkolne</subfield><subfield code="x">historia</subfield><subfield code="z">Polska</subfield><subfield code="y">19-20 w.</subfield></datafield><datafield ind1="1" ind2=" " tag="700"><subfield code="a">Jacobmeyer, Wolfgang.</subfield><subfield code="e">Red.</subfield></datafield><datafield ind1=" " ind2="0" tag="830"><subfield code="a">Schriftenreihe des Georg-Eckert-Instituts für Internationale Schulbuchforschung ;</subfield><subfield code="v">Bd. 22/VII</subfield></datafield><datafield ind1=" " ind2=" " tag="902"><subfield code="a">121211</subfield><subfield code="c">981005</subfield><subfield code="d">m</subfield><subfield code="e">a</subfield><subfield code="f">-</subfield><subfield code="g">0</subfield></datafield><datafield ind1=" " ind2=" " tag="907"><subfield code="b">bk   </subfield><subfield code="c">-</subfield></datafield><datafield ind1=" " ind2=" " tag="920"><subfield code="a">3-88304-107-6</subfield></datafield><datafield ind1=" " ind2=" " tag="960"><subfield code="a">II 1.702.243</subfield><subfield code="c">bk   </subfield><subfield code="d">30001002675652</subfield><subfield code="h">1993 w 169/3</subfield><subfield code="i">Z 0,25</subfield><subfield code="k">1</subfield><subfield code="l">-</subfield><subfield code="o">1</subfield></datafield><datafield ind1=" " ind2=" " tag="960"><subfield code="a">II 1.356.693 A</subfield><subfield code="c">bk   </subfield><subfield code="h">1992 w 334/2</subfield><subfield code="i">Z 0,00</subfield><subfield code="l">-</subfield><subfield code="o">0</subfield></datafield><datafield ind1=" " ind2=" " tag="996"><subfield code="a">.b11530303</subfield></datafield><datafield ind1=" " ind2=" " tag="998"><subfield code="a">ik</subfield><subfield code="a">o</subfield></datafield><datafield ind1=" " ind2=" " tag="999"><subfield code="a">JB</subfield><subfield code="b">js</subfield></datafield><datafield ind1=" " ind2=" " tag="999"><subfield code="a">este</subfield><subfield code="a">piju</subfield></datafield></record>