</MetadataObject><PersonObject OrderIndex="47" PartyRelation="CONTRIBUTOR"><PartyName>Wolfgang. Jacobmeyer</PartyName><Identifiers><Identifier>1000020822430</Identifier><Scope>TEL</Scope></Identifiers><FirstNames>Wolfgang.</FirstNames><Surname>Jacobmeyer</Surname></PersonObject><LinkObject FieldSource="TEL" LinkTarget="CATALOGUE_RECORD" OrderIndex="62"><Url>http://alpha.bn.org.pl/record=b1153030*pol</Url><LinkStatus>NOT_CHECKED</LinkStatus></LinkObject></MetadataRecord>
<MetadataRecord xmlns="http://theeuropeanlibrary.org/internal_object_model" ID="2000048756626"><BibliographicLevelObject OrderIndex="44">MONOGRAPH</BibliographicLevelObject><CatalogingFormObject OrderIndex="43">ISBD</CatalogingFormObject><TitleObject OrderIndex="49" TitleType="MAIN"><Title>Kraina liczb</Title><SubTitle>podręcznik matematyki dla klasy I</SubTitle></TitleObject><TitleObject OrderIndex="50" TitleType="ALTERNATIVE"><Title>Skaičių šalis : matematikos vadovėlis I klasei</Title></TitleObject><IdentifierObject IdentifierType="LOCAL_IDENTIFIER" OrderIndex="34"><Identifier>b11530200</Identifier></IdentifierObject><IdentifierObject IdentifierType="OAIPMH" OrderIndex="36"><Identifier>urn:theeuropeanlibrary.org:a0232:b11530200</Identifier></IdentifierObject><IdentifierObject IdentifierType="LOCAL_IDENTIFIER" OrderIndex="46"><Identifier>b11530200</Identifier><Scope>a0232</Scope></IdentifierObject><IdentifierObject IdentifierType="ISBN" OrderIndex="47"><Identifier>5430017752</Identifier></IdentifierObject><IdentifierObject ContextLevel="RECORD" FieldSource="TEL" OrderIndex="67" SpatialIdentifierType="TEL"><Identifier>1000001268773</Identifier><Scope>TEL</Scope></IdentifierObject><IllustrationsObject OrderIndex="41">ILLUSTRATIONS</IllustrationsObject><IllustrationsObject OrderIndex="42">NO_ILLUSTRATIONS</IllustrationsObject><SpatialEntityObject OrderIndex="60" SpatialRelation="PUBLICATION"><Identifiers><Identifier>LT</Identifier><Scope>ISO3166</Scope></Identifiers></SpatialEntityObject><NamedPlaceObject OrderIndex="58" SpatialRelation="PUBLICATION"><Identifiers><Identifier>1000001268773</Identifier><Scope>TEL</Scope></Identifiers><PlaceName>Kaunas</PlaceName></NamedPlaceObject><PrintTypeObject OrderIndex="40">PRINTED</PrintTypeObject><ProvenanceObject OrderIndex="37"><CollectionId>a0232</CollectionId><ProviderId>P01214</ProviderId></ProvenanceObject><StatusObject OrderIndex="33">UPDATED</StatusObject><TextObject OrderIndex="48" TextRelation="STATEMENT_OF_RESPONSIBILITY"><Content>Bronius Balčytis, Aldona Vaičiulienė ; [il. Vita Voverienė, Laima Prialgauskaitė ; tł. Łucja Pocewicziene].</Content></TextObject><TextObject OrderIndex="63" TextRelation="FORMAT_UNCONTROLED"><Content>il. ;</Content></TextObject><TextObject OrderIndex="64" TextRelation="EXTENT"><Content>110, [2] s. :</Content></TextObject><TextObject OrderIndex="65" TextRelation="EXTENT"><Content>25 cm.</Content></TextObject><OrganizationObject OrderIndex="59" PartyRelation="PUBLISHER"><PartyName>Šviesa"</PartyName></OrganizationObject><LanguageObject LanguageRelation="LANGUAGE_OF_CONTENT" OrderIndex="57">POL</LanguageObject><ResourceTypeObject OrderIndex="39">TEXT</ResourceTypeObject><TopicObject OrderIndex="61"><GeneralSubdivision>szkoły podstawowe</GeneralSubdivision><TopicName>Matematyka</TopicName></TopicObject><TopicObject OrderIndex="62"><TopicName>Podręczniki dla szkół podstawowych</TopicName></TopicObject><AudienceObject OrderIndex="45">UNKNOW</AudienceObject><InstantObject OrderIndex="35" TemporalRelation="OP_LOADED"><Time>1358943215000</Time><Granularity>SECOND</Granularity><Uncertain>false</Uncertain></InstantObject><InstantObject OrderIndex="56" TemporalRelation="PUBLICATION"><Time>725846400000</Time><Granularity>YEAR</Granularity><Uncertain>false</Uncertain></InstantObject><MetadataObject FieldSource="PROVIDER" Format="marc21" OrderIndex="38"><record xmlns="info:lc/xmlns/marcxchange-v1"><leader>01119nam a2200313 i 4500</leader><controlfield tag="001">b11530200</controlfield><controlfield tag="008">981002s1993    li a         |000 0 pol  </controlfield><datafield ind1=" " ind2=" " tag="020"><subfield code="a">5430017752</subfield></datafield><datafield ind1=" " ind2=" " tag="040"><subfield code="a">WA N</subfield><subfield code="c">WA N</subfield></datafield><datafield ind1="1" ind2=" " tag="041"><subfield code="a">pol</subfield><subfield code="h">lit</subfield></datafield><datafield ind1="1" ind2=" " tag="100"><subfield code="a">Balčytis, Bronius</subfield><subfield code="d">(1926- ).</subfield></datafield><datafield ind1="1" ind2="0" tag="245"><subfield code="a">Kraina liczb :</subfield><subfield code="b">podręcznik matematyki dla klasy I /</subfield><subfield code="c">Bronius Balčytis, Aldona Vaičiulienė ; [il. Vita Voverienė, Laima Prialgauskaitė ; tł. Łucja Pocewicziene].</subfield></datafield><datafield ind1="1" ind2=" " tag="246"><subfield code="i">Tyt. oryg.:</subfield><subfield code="a">Skaičių šalis : matematikos vadovėlis I klasei</subfield></datafield><datafield ind1=" " ind2=" " tag="260"><subfield code="a">Kaunas :</subfield><subfield code="b">Šviesa",</subfield><subfield code="c">1993.</subfield></datafield><datafield ind1=" " ind2=" " tag="300"><subfield code="a">110, [2] s. :</subfield><subfield code="b">il. ;</subfield><subfield code="c">25 cm.</subfield></datafield><datafield ind1=" " ind2="4" tag="650"><subfield code="a">Matematyka</subfield><subfield code="x">szkoły podstawowe</subfield></datafield><datafield ind1=" " ind2="4" tag="655"><subfield code="a">Podręczniki dla szkół podstawowych</subfield></datafield><datafield ind1="1" ind2=" " tag="700"><subfield code="a">Vaičiuliene, Aldona</subfield></datafield><datafield ind1="1" ind2=" " tag="700"><subfield code="a">Voveriene, Vita.</subfield><subfield code="e">Il.</subfield></datafield><datafield ind1="1" ind2=" " tag="700"><subfield code="a">Prialgauskaite, Laima.</subfield><subfield code="e">Il.</subfield></datafield><datafield ind1="1" ind2=" " tag="700"><subfield code="a">Pocevičiene, Łucja.</subfield><subfield code="e">Tł.</subfield></datafield><datafield ind1=" " ind2=" " tag="902"><subfield code="a">121211</subfield><subfield code="c">981005</subfield><subfield code="d">m</subfield><subfield code="e">a</subfield><subfield code="f">-</subfield><subfield code="g">0</subfield></datafield><datafield ind1=" " ind2=" " tag="907"><subfield code="b">bk   </subfield><subfield code="c">-</subfield></datafield><datafield ind1=" " ind2=" " tag="920"><subfield code="a">5-430-01775-2</subfield></datafield><datafield ind1=" " ind2=" " tag="960"><subfield code="a">II 1.840.663 A</subfield><subfield code="c">bk   </subfield><subfield code="d">30001009349115</subfield><subfield code="h">1994 w 209/6</subfield><subfield code="i">Z 0,10</subfield><subfield code="k">2</subfield><subfield code="l">-</subfield><subfield code="o">0</subfield></datafield><datafield ind1=" " ind2=" " tag="996"><subfield code="a">.b11530200</subfield></datafield><datafield ind1=" " ind2=" " tag="998"><subfield code="a">ik</subfield><subfield code="a">o</subfield></datafield><datafield ind1=" " ind2=" " tag="999"><subfield code="a">JB</subfield><subfield code="b">js</subfield></datafield><datafield ind1=" " ind2=" " tag="999"><subfield code="a">resi</subfield></datafield></record>