</MetadataObject><PersonObject OrderIndex="51" PartyRelation="CREATOR"><PartyName>Bronius Balčytis</PartyName><LifePeriod><Start><Time>-1388534400000</Time><Granularity>YEAR</Granularity><Uncertain>false</Uncertain></Start></LifePeriod><FirstNames>Bronius</FirstNames><Surname>Balčytis</Surname></PersonObject><PersonObject OrderIndex="52" PartyRelation="CONTRIBUTOR"><PartyName>Aldona Vaičiuliene</PartyName><FirstNames>Aldona</FirstNames><Surname>Vaičiuliene</Surname></PersonObject><PersonObject OrderIndex="53" PartyRelation="CONTRIBUTOR"><PartyName>Vita. Voveriene</PartyName><FirstNames>Vita.</FirstNames><Surname>Voveriene</Surname></PersonObject><PersonObject OrderIndex="54" PartyRelation="CONTRIBUTOR"><PartyName>Laima. Prialgauskaite</PartyName><FirstNames>Laima.</FirstNames><Surname>Prialgauskaite</Surname></PersonObject><PersonObject OrderIndex="55" PartyRelation="CONTRIBUTOR"><PartyName>Łucja. Pocevičiene</PartyName><FirstNames>Łucja.</FirstNames><Surname>Pocevičiene</Surname></PersonObject><LinkObject FieldSource="TEL" LinkTarget="CATALOGUE_RECORD" OrderIndex="66"><Url>http://alpha.bn.org.pl/record=b1153020*pol</Url><LinkStatus>NOT_CHECKED</LinkStatus></LinkObject></MetadataRecord>
<MetadataRecord xmlns="http://theeuropeanlibrary.org/internal_object_model" ID="2000048756712"><BibliographicLevelObject OrderIndex="38">MONOGRAPH</BibliographicLevelObject><CatalogingFormObject OrderIndex="37">ISBD</CatalogingFormObject><TitleObject OrderIndex="43" TitleType="MAIN"><Title>Tommaso del Cavaliere</Title><SubTitle>novela</SubTitle></TitleObject><TitleObject OrderIndex="44" TitleType="ALTERNATIVE"><Title>Tommaso del Cavaliere</Title></TitleObject><IdentifierObject IdentifierType="LOCAL_IDENTIFIER" OrderIndex="29"><Identifier>b11531071</Identifier></IdentifierObject><IdentifierObject IdentifierType="OAIPMH" OrderIndex="31"><Identifier>urn:theeuropeanlibrary.org:a0232:b11531071</Identifier></IdentifierObject><IdentifierObject IdentifierType="LOCAL_IDENTIFIER" OrderIndex="40"><Identifier>b11531071</Identifier><Scope>a0232</Scope></IdentifierObject><IdentifierObject IdentifierType="ISBN" OrderIndex="41"><Identifier>9729013160</Identifier></IdentifierObject><IdentifierObject ContextLevel="RECORD" FieldSource="TEL" OrderIndex="57" PartyIdentifierType="TEL"><Identifier>1000021092259</Identifier><Scope>TEL</Scope></IdentifierObject><IdentifierObject ContextLevel="RECORD" FieldSource="TEL" OrderIndex="58" PartyIdentifierType="TEL"><Identifier>1000016920025</Identifier><Scope>TEL</Scope></IdentifierObject><IdentifierObject ContextLevel="RECORD" FieldSource="TEL" OrderIndex="59" PartyIdentifierType="TEL"><Identifier>2000072291891</Identifier><Scope>TEL</Scope></IdentifierObject><IdentifierObject ContextLevel="RECORD" FieldSource="TEL" OrderIndex="60" PartyIdentifierType="TEL"><Identifier>1000021567864</Identifier><Scope>TEL</Scope></IdentifierObject><IdentifierObject ContextLevel="RECORD" FieldSource="TEL" OrderIndex="61" SpatialIdentifierType="TEL"><Identifier>1000004611051</Identifier><Scope>TEL</Scope></IdentifierObject><IllustrationsObject OrderIndex="36">NO_ILLUSTRATIONS</IllustrationsObject><SpatialEntityObject OrderIndex="51" SpatialRelation="PUBLICATION"><Identifiers><Identifier>PT</Identifier><Scope>ISO3166</Scope></Identifiers></SpatialEntityObject><NamedPlaceObject OrderIndex="49" SpatialRelation="PUBLICATION"><Identifiers><Identifier>1000004611051</Identifier><Scope>TEL</Scope></Identifiers><PlaceName>Lisboa</PlaceName></NamedPlaceObject><PrintTypeObject OrderIndex="35">PRINTED</PrintTypeObject><ProvenanceObject OrderIndex="32"><CollectionId>a0232</CollectionId><ProviderId>P01214</ProviderId></ProvenanceObject><StatusObject OrderIndex="28">UPDATED</StatusObject><TextObject OrderIndex="42" TextRelation="STATEMENT_OF_RESPONSIBILITY"><Content>Julian Stryjkowski ; trad. do pol. de Zbigniew Wódkowski.</Content></TextObject><TextObject OrderIndex="54" TextRelation="EXTENT"><Content>93, [2] s. ;</Content></TextObject><TextObject OrderIndex="55" TextRelation="EXTENT"><Content>21 cm.</Content></TextObject><OrganizationObject OrderIndex="50" PartyRelation="PUBLISHER"><PartyName>Cotovia</PartyName><Identifiers><Identifier>1000021567864</Identifier><Scope>TEL</Scope></Identifiers></OrganizationObject><LanguageObject LanguageRelation="LANGUAGE_OF_CONTENT" OrderIndex="48">POR</LanguageObject><ResourceTypeObject OrderIndex="34">TEXT</ResourceTypeObject><TopicObject OrderIndex="53"><ChronologicalSubdivision><Instant><Time>-61536240000000</Time><Granularity>YEAR</Granularity><Uncertain>false</Uncertain></Instant></ChronologicalSubdivision><TopicName>Opowiadanie polskie</TopicName></TopicObject><AudienceObject OrderIndex="39">UNKNOW</AudienceObject><InstantObject OrderIndex="30" TemporalRelation="OP_LOADED"><Time>1358943207000</Time><Granularity>SECOND</Granularity><Uncertain>false</Uncertain></InstantObject><InstantObject OrderIndex="47" TemporalRelation="PUBLICATION"><Time>631152000000</Time><Granularity>YEAR</Granularity><Uncertain>false</Uncertain></InstantObject><MetadataObject FieldSource="PROVIDER" Format="marc21" OrderIndex="33"><record xmlns="info:lc/xmlns/marcxchange-v1"><leader>01053nam a2200325 i 4500</leader><controlfield tag="001">b11531071</controlfield><controlfield tag="008">981002s1990    po           |000 j por  </controlfield><datafield ind1=" " ind2=" " tag="020"><subfield code="a">9729013160</subfield></datafield><datafield ind1=" " ind2=" " tag="040"><subfield code="a">WA N</subfield><subfield code="c">WA N</subfield></datafield><datafield ind1="1" ind2=" " tag="041"><subfield code="a">por</subfield><subfield code="h">pol</subfield></datafield><datafield ind1="1" ind2=" " tag="100"><subfield code="a">Stryjkowski, Julian</subfield><subfield code="d">(1905-1996).</subfield></datafield><datafield ind1="1" ind2="0" tag="245"><subfield code="a">Tommaso del Cavaliere :</subfield><subfield code="b">novela /</subfield><subfield code="c">Julian Stryjkowski ; trad. do pol. de Zbigniew Wódkowski.</subfield></datafield><datafield ind1="1" ind2=" " tag="246"><subfield code="i">Tyt. oryg.:</subfield><subfield code="a">Tommaso del Cavaliere</subfield></datafield><datafield ind1=" " ind2=" " tag="260"><subfield code="a">Lisboa :</subfield><subfield code="b">Cotovia,</subfield><subfield code="c">1990.</subfield></datafield><datafield ind1=" " ind2=" " tag="300"><subfield code="a">93, [2] s. ;</subfield><subfield code="c">21 cm.</subfield></datafield><datafield ind1="1" ind2=" " tag="490"><subfield code="a">Livros Cotovia</subfield></datafield><datafield ind1="1" ind2="4" tag="600"><subfield code="a">Buonarroti, Michelangelo</subfield><subfield code="d">(1475-1564)</subfield></datafield><datafield ind1=" " ind2="4" tag="655"><subfield code="a">Opowiadanie polskie</subfield><subfield code="y">20 w.</subfield></datafield><datafield ind1="1" ind2=" " tag="700"><subfield code="a">Wódkowski, Zbigniew.</subfield><subfield code="e">Tł.</subfield></datafield><datafield ind1=" " ind2="0" tag="830"><subfield code="a">Livros Cotovia</subfield></datafield><datafield ind1=" " ind2=" " tag="902"><subfield code="a">121211</subfield><subfield code="c">981005</subfield><subfield code="d">m</subfield><subfield code="e">a</subfield><subfield code="f">-</subfield><subfield code="g">0</subfield></datafield><datafield ind1=" " ind2=" " tag="907"><subfield code="b">bk   </subfield><subfield code="c">-</subfield></datafield><datafield ind1=" " ind2=" " tag="920"><subfield code="a">972-9013-16-0</subfield></datafield><datafield ind1=" " ind2=" " tag="960"><subfield code="a">II 1.702.410</subfield><subfield code="c">bk   </subfield><subfield code="d">30001005174877</subfield><subfield code="h">1995 k 550/49</subfield><subfield code="i">Z 0,04</subfield><subfield code="k">1</subfield><subfield code="l">-</subfield><subfield code="o">1</subfield></datafield><datafield ind1=" " ind2=" " tag="960"><subfield code="a">II 1.840.735 A</subfield><subfield code="c">bk   </subfield><subfield code="d">30001009349924</subfield><subfield code="h">1994 w 237/12</subfield><subfield code="i">Z 0,25</subfield><subfield code="k">1</subfield><subfield code="l">-</subfield><subfield code="o">0</subfield></datafield><datafield ind1=" " ind2=" " tag="996"><subfield code="a">.b11531071</subfield></datafield><datafield ind1=" " ind2=" " tag="998"><subfield code="a">ik</subfield><subfield code="a">o</subfield></datafield><datafield ind1=" " ind2=" " tag="999"><subfield code="a">JB</subfield><subfield code="b">js</subfield></datafield><datafield ind1=" " ind2=" " tag="999"><subfield code="a">resi</subfield></datafield><datafield ind1=" " ind2=" " tag="999"><subfield code="a">ae</subfield></datafield></record>