</MetadataObject><PersonObject OrderIndex="45" PartyRelation="CREATOR"><PartyName>Julian Stryjkowski</PartyName><Identifiers><Identifier>1000016920025</Identifier><Scope>TEL</Scope></Identifiers><Identifiers><Identifier>2000072291891</Identifier><Scope>TEL</Scope></Identifiers><LifePeriod><Start><Time>-2051222400000</Time><Granularity>YEAR</Granularity><Uncertain>false</Uncertain></Start><End><Time>820454400000</Time><Granularity>YEAR</Granularity><Uncertain>false</Uncertain></End></LifePeriod><FirstNames>Julian</FirstNames><Surname>Stryjkowski</Surname></PersonObject><PersonObject OrderIndex="46" PartyRelation="CONTRIBUTOR"><PartyName>Zbigniew. Wódkowski</PartyName><Identifiers><Identifier>1000021092259</Identifier><Scope>TEL</Scope></Identifiers><FirstNames>Zbigniew.</FirstNames><Surname>Wódkowski</Surname></PersonObject><PersonObject OrderIndex="52" PartyRelation="SUBJECT"><PartyName>Michelangelo Buonarroti</PartyName><LifePeriod><Start><Time>-15619910400000</Time><Granularity>YEAR</Granularity><Uncertain>false</Uncertain></Start><End><Time>-12811305600000</Time><Granularity>YEAR</Granularity><Uncertain>false</Uncertain></End></LifePeriod><FirstNames>Michelangelo</FirstNames><Surname>Buonarroti</Surname></PersonObject><LinkObject FieldSource="TEL" LinkTarget="CATALOGUE_RECORD" OrderIndex="56"><Url>http://alpha.bn.org.pl/record=b1153107*pol</Url><LinkStatus>NOT_CHECKED</LinkStatus></LinkObject></MetadataRecord>
<MetadataRecord xmlns="http://theeuropeanlibrary.org/internal_object_model" ID="2000048756734"><BibliographicLevelObject OrderIndex="36">MONOGRAPH</BibliographicLevelObject><CatalogingFormObject OrderIndex="35">ISBD</CatalogingFormObject><TitleObject OrderIndex="40" TitleType="MAIN"><Title>Grossdeutschlands Kampf</Title><SubTitle>ein Ruckblick auf das Kriegsjahr 1939</SubTitle></TitleObject><IdentifierObject IdentifierType="LOCAL_IDENTIFIER" OrderIndex="26"><Identifier>b11531290</Identifier></IdentifierObject><IdentifierObject IdentifierType="OAIPMH" OrderIndex="28"><Identifier>urn:theeuropeanlibrary.org:a0232:b11531290</Identifier></IdentifierObject><IdentifierObject IdentifierType="LOCAL_IDENTIFIER" OrderIndex="38"><Identifier>b11531290</Identifier><Scope>a0232</Scope></IdentifierObject><IdentifierObject ContextLevel="RECORD" FieldSource="TEL" OrderIndex="51" SpatialIdentifierType="TEL"><Identifier>1000005837350</Identifier><Scope>TEL</Scope></IdentifierObject><IllustrationsObject OrderIndex="33">ILLUSTRATIONS</IllustrationsObject><IllustrationsObject OrderIndex="34">NO_ILLUSTRATIONS</IllustrationsObject><SpatialEntityObject OrderIndex="46" SpatialRelation="PUBLICATION"><Identifiers><Identifier>DE</Identifier><Scope>ISO3166</Scope></Identifiers></SpatialEntityObject><NamedPlaceObject OrderIndex="44" SpatialRelation="PUBLICATION"><Identifiers><Identifier>1000005837350</Identifier><Scope>TEL</Scope></Identifiers><PlaceName>Leipzig</PlaceName></NamedPlaceObject><PrintTypeObject OrderIndex="32">PRINTED</PrintTypeObject><ProvenanceObject OrderIndex="29"><CollectionId>a0232</CollectionId><ProviderId>P01214</ProviderId></ProvenanceObject><StatusObject OrderIndex="25">UPDATED</StatusObject><TextObject OrderIndex="39" TextRelation="STATEMENT_OF_RESPONSIBILITY"><Content>Wilhelm Ziegler.</Content></TextObject><TextObject OrderIndex="47" TextRelation="FORMAT_UNCONTROLED"><Content>il. ;</Content></TextObject><TextObject OrderIndex="48" TextRelation="EXTENT"><Content>267, [5] s., 21 k. tabl. :</Content></TextObject><TextObject OrderIndex="49" TextRelation="EXTENT"><Content>21 cm.</Content></TextObject><OrganizationObject OrderIndex="45" PartyRelation="PUBLISHER"><PartyName>Ph. Reclam</PartyName></OrganizationObject><LanguageObject LanguageRelation="LANGUAGE_OF_CONTENT" OrderIndex="43">GER</LanguageObject><ResourceTypeObject OrderIndex="31">TEXT</ResourceTypeObject><AudienceObject OrderIndex="37">UNKNOW</AudienceObject><InstantObject OrderIndex="27" TemporalRelation="OP_LOADED"><Time>1358943207000</Time><Granularity>SECOND</Granularity><Uncertain>false</Uncertain></InstantObject><InstantObject OrderIndex="42" TemporalRelation="PUBLICATION"><Time>-915152400000</Time><Granularity>YEAR</Granularity><Uncertain>false</Uncertain></InstantObject><MetadataObject FieldSource="PROVIDER" Format="marc21" OrderIndex="30"><record xmlns="info:lc/xmlns/marcxchange-v1"><leader>00721nam a2200193 i 4500</leader><controlfield tag="001">b11531290</controlfield><controlfield tag="008">981002s1941    gw a         |000 0 ger d</controlfield><datafield ind1=" " ind2=" " tag="040"><subfield code="a">WA N</subfield><subfield code="c">WA N</subfield></datafield><datafield ind1="1" ind2=" " tag="100"><subfield code="a">Ziegler, Wilhelm</subfield><subfield code="d">(1891- ).</subfield></datafield><datafield ind1="1" ind2="0" tag="245"><subfield code="a">Grossdeutschlands Kampf :</subfield><subfield code="b">ein Ruckblick auf das Kriegsjahr 1939/40 in Politik und Kriegsführung /</subfield><subfield code="c">Wilhelm Ziegler.</subfield></datafield><datafield ind1=" " ind2=" " tag="260"><subfield code="a">Leipzig :</subfield><subfield code="b">Ph. Reclam,</subfield><subfield code="c">cop. 1941.</subfield></datafield><datafield ind1=" " ind2=" " tag="300"><subfield code="a">267, [5] s., 21 k. tabl. :</subfield><subfield code="b">il. ;</subfield><subfield code="c">21 cm.</subfield></datafield><datafield ind1=" " ind2=" " tag="902"><subfield code="a">121219</subfield><subfield code="c">981005</subfield><subfield code="d">m</subfield><subfield code="e">a</subfield><subfield code="f">-</subfield><subfield code="g">0</subfield></datafield><datafield ind1=" " ind2=" " tag="907"><subfield code="b">bk   </subfield><subfield code="c">-</subfield></datafield><datafield ind1=" " ind2=" " tag="960"><subfield code="a">II 1.512.672</subfield><subfield code="c">bk   </subfield><subfield code="d">30001008512084</subfield><subfield code="h">1994 k 279/33</subfield><subfield code="i">Z 0,00</subfield><subfield code="l">-</subfield><subfield code="o">1</subfield></datafield><datafield ind1=" " ind2=" " tag="960"><subfield code="a">II 746.938 A</subfield><subfield code="c">bk   </subfield><subfield code="d">30001010571352</subfield><subfield code="h">st. z.</subfield><subfield code="i">Z 0,00</subfield><subfield code="l">-</subfield><subfield code="o">0</subfield><subfield code="x">odkwaszono 2009</subfield></datafield><datafield ind1=" " ind2=" " tag="996"><subfield code="a">.b11531290</subfield></datafield><datafield ind1=" " ind2=" " tag="998"><subfield code="a">o</subfield></datafield><datafield ind1=" " ind2=" " tag="999"><subfield code="a">zljs</subfield></datafield></record>