</MetadataObject><PersonObject OrderIndex="41" PartyRelation="CREATOR"><PartyName>Wilhelm Ziegler</PartyName><LifePeriod><Start><Time>-2492985600000</Time><Granularity>YEAR</Granularity><Uncertain>false</Uncertain></Start></LifePeriod><FirstNames>Wilhelm</FirstNames><Surname>Ziegler</Surname></PersonObject><LinkObject FieldSource="TEL" LinkTarget="CATALOGUE_RECORD" OrderIndex="50"><Url>http://alpha.bn.org.pl/record=b1153129*pol</Url><LinkStatus>NOT_CHECKED</LinkStatus></LinkObject></MetadataRecord>
<MetadataRecord xmlns="http://theeuropeanlibrary.org/internal_object_model" ID="2000048756725"><BibliographicLevelObject OrderIndex="36">MONOGRAPH</BibliographicLevelObject><CatalogingFormObject OrderIndex="35">ISBD</CatalogingFormObject><TitleObject OrderIndex="40" TitleType="MAIN"><Title>Hier</Title><SubTitle>souvenirs</SubTitle></TitleObject><IdentifierObject IdentifierType="LOCAL_IDENTIFIER" OrderIndex="26"><Identifier>b11531204</Identifier></IdentifierObject><IdentifierObject IdentifierType="OAIPMH" OrderIndex="28"><Identifier>urn:theeuropeanlibrary.org:a0232:b11531204</Identifier></IdentifierObject><IdentifierObject IdentifierType="LOCAL_IDENTIFIER" OrderIndex="38"><Identifier>b11531204</Identifier><Scope>a0232</Scope></IdentifierObject><IdentifierObject ContextLevel="RECORD" FieldSource="TEL" OrderIndex="51" PartyIdentifierType="TEL"><Identifier>1000020837469</Identifier><Scope>TEL</Scope></IdentifierObject><IdentifierObject ContextLevel="RECORD" FieldSource="TEL" OrderIndex="52" PartyIdentifierType="TEL"><Identifier>1000003777401</Identifier><Scope>TEL</Scope></IdentifierObject><IdentifierObject ContextLevel="RECORD" FieldSource="TEL" OrderIndex="53" PartyIdentifierType="TEL"><Identifier>1000008191201</Identifier><Scope>TEL</Scope></IdentifierObject><IdentifierObject ContextLevel="RECORD" FieldSource="TEL" OrderIndex="54" SpatialIdentifierType="TEL"><Identifier>1000006057437</Identifier><Scope>TEL</Scope></IdentifierObject><IllustrationsObject OrderIndex="33">ILLUSTRATIONS</IllustrationsObject><IllustrationsObject OrderIndex="34">NO_ILLUSTRATIONS</IllustrationsObject><SpatialEntityObject OrderIndex="46" SpatialRelation="PUBLICATION"><Identifiers><Identifier>FR</Identifier><Scope>ISO3166</Scope></Identifiers></SpatialEntityObject><NamedPlaceObject OrderIndex="44" SpatialRelation="PUBLICATION"><Identifiers><Identifier>1000006057437</Identifier><Scope>TEL</Scope></Identifiers><PlaceName>Paris</PlaceName></NamedPlaceObject><PrintTypeObject OrderIndex="32">PRINTED</PrintTypeObject><ProvenanceObject OrderIndex="29"><CollectionId>a0232</CollectionId><ProviderId>P01214</ProviderId></ProvenanceObject><StatusObject OrderIndex="25">UPDATED</StatusObject><TextObject OrderIndex="39" TextRelation="STATEMENT_OF_RESPONSIBILITY"><Content>Alice Halicka.</Content></TextObject><TextObject OrderIndex="47" TextRelation="FORMAT_UNCONTROLED"><Content>11 rys. ;</Content></TextObject><TextObject OrderIndex="48" TextRelation="EXTENT"><Content>300, [3] s. :</Content></TextObject><TextObject OrderIndex="49" TextRelation="EXTENT"><Content>19 cm.</Content></TextObject><OrganizationObject OrderIndex="45" PartyRelation="PUBLISHER"><PartyName>Édit. du Pavois</PartyName></OrganizationObject><LanguageObject LanguageRelation="LANGUAGE_OF_CONTENT" OrderIndex="43">FRE</LanguageObject><ResourceTypeObject OrderIndex="31">TEXT</ResourceTypeObject><AudienceObject OrderIndex="37">UNKNOW</AudienceObject><InstantObject OrderIndex="27" TemporalRelation="OP_LOADED"><Time>1358943207000</Time><Granularity>SECOND</Granularity><Uncertain>false</Uncertain></InstantObject><InstantObject OrderIndex="42" TemporalRelation="PUBLICATION"><Time>-757382400000</Time><Granularity>YEAR</Granularity><Uncertain>false</Uncertain></InstantObject><MetadataObject FieldSource="PROVIDER" Format="marc21" OrderIndex="30"><record xmlns="info:lc/xmlns/marcxchange-v1"><leader>00601nam a2200193 i 4500</leader><controlfield tag="001">b11531204</controlfield><controlfield tag="008">981002s1946    fr a         |000 0 fre d</controlfield><datafield ind1=" " ind2=" " tag="040"><subfield code="a">WA N</subfield><subfield code="c">WA N</subfield></datafield><datafield ind1="1" ind2=" " tag="100"><subfield code="a">Halicka, Alicja</subfield><subfield code="d">(1894-1975).</subfield></datafield><datafield ind1="1" ind2="0" tag="245"><subfield code="a">Hier :</subfield><subfield code="b">souvenirs /</subfield><subfield code="c">Alice Halicka.</subfield></datafield><datafield ind1=" " ind2=" " tag="260"><subfield code="a">Paris :</subfield><subfield code="b">Édit. du Pavois,</subfield><subfield code="c">1946.</subfield></datafield><datafield ind1=" " ind2=" " tag="300"><subfield code="a">300, [3] s. :</subfield><subfield code="b">11 rys. ;</subfield><subfield code="c">19 cm.</subfield></datafield><datafield ind1=" " ind2=" " tag="902"><subfield code="a">121219</subfield><subfield code="c">981005</subfield><subfield code="d">m</subfield><subfield code="e">a</subfield><subfield code="f">-</subfield><subfield code="g">0</subfield></datafield><datafield ind1=" " ind2=" " tag="907"><subfield code="b">bk   </subfield><subfield code="c">-</subfield></datafield><datafield ind1=" " ind2=" " tag="960"><subfield code="a">I 312.042</subfield><subfield code="c">bk   </subfield><subfield code="d">30001005528072</subfield><subfield code="h">1948 w 63/1</subfield><subfield code="i">Z 0,00</subfield><subfield code="l">-</subfield><subfield code="o">1</subfield></datafield><datafield ind1=" " ind2=" " tag="960"><subfield code="a">I 1.470.554 A</subfield><subfield code="c">bk   </subfield><subfield code="h">1994 d 119/36</subfield><subfield code="i">Z 0,00</subfield><subfield code="l">-</subfield><subfield code="o">0</subfield></datafield><datafield ind1=" " ind2=" " tag="996"><subfield code="a">.b11531204</subfield></datafield><datafield ind1=" " ind2=" " tag="998"><subfield code="a">o</subfield></datafield><datafield ind1=" " ind2=" " tag="999"><subfield code="a">zljs</subfield></datafield></record>