</MetadataObject><PersonObject OrderIndex="41" PartyRelation="CREATOR"><PartyName>Alicja Halicka</PartyName><Identifiers><Identifier>1000020837469</Identifier><Scope>TEL</Scope></Identifiers><Identifiers><Identifier>1000003777401</Identifier><Scope>TEL</Scope></Identifiers><Identifiers><Identifier>1000008191201</Identifier><Scope>TEL</Scope></Identifiers><LifePeriod><Start><Time>-2398291200000</Time><Granularity>YEAR</Granularity><Uncertain>false</Uncertain></Start><End><Time>157766400000</Time><Granularity>YEAR</Granularity><Uncertain>false</Uncertain></End></LifePeriod><FirstNames>Alicja</FirstNames><Surname>Halicka</Surname></PersonObject><LinkObject FieldSource="TEL" LinkTarget="CATALOGUE_RECORD" OrderIndex="50"><Url>http://alpha.bn.org.pl/record=b1153120*pol</Url><LinkStatus>NOT_CHECKED</LinkStatus></LinkObject></MetadataRecord>
<MetadataRecord xmlns="http://theeuropeanlibrary.org/internal_object_model" ID="2000048756683"><BibliographicLevelObject OrderIndex="35">MONOGRAPH</BibliographicLevelObject><CatalogingFormObject OrderIndex="34">ISBD</CatalogingFormObject><TitleObject OrderIndex="38" TitleType="MAIN"><Title>A proposal for determining the energy equivalent of certain calorimeters by the comparative method</Title></TitleObject><IdentifierObject IdentifierType="LOCAL_IDENTIFIER" OrderIndex="26"><Identifier>b11530789</Identifier></IdentifierObject><IdentifierObject IdentifierType="OAIPMH" OrderIndex="28"><Identifier>urn:theeuropeanlibrary.org:a0232:b11530789</Identifier></IdentifierObject><IdentifierObject IdentifierType="LOCAL_IDENTIFIER" OrderIndex="37"><Identifier>b11530789</Identifier><Scope>a0232</Scope></IdentifierObject><IdentifierObject ContextLevel="CONTENT" FieldSource="TEL" KnowledgeOrganizationSystem="TEL" OrderIndex="51"><Identifier>1000000108796</Identifier><Scope>TEL</Scope></IdentifierObject><IdentifierObject ContextLevel="RECORD" FieldSource="TEL" OrderIndex="52" SpatialIdentifierType="TEL"><Identifier>1000010381289</Identifier><Scope>TEL</Scope></IdentifierObject><IllustrationsObject OrderIndex="33">NO_ILLUSTRATIONS</IllustrationsObject><SpatialEntityObject OrderIndex="44" SpatialRelation="PUBLICATION"><Identifiers><Identifier>US</Identifier><Scope>ISO3166</Scope></Identifiers></SpatialEntityObject><NamedPlaceObject OrderIndex="42" SpatialRelation="PUBLICATION"><Identifiers><Identifier>1000010381289</Identifier><Scope>TEL</Scope></Identifiers><PlaceName>New York</PlaceName></NamedPlaceObject><PrintTypeObject OrderIndex="32">PRINTED</PrintTypeObject><ProvenanceObject OrderIndex="29"><CollectionId>a0232</CollectionId><ProviderId>P01214</ProviderId></ProvenanceObject><StatusObject OrderIndex="25">UPDATED</StatusObject><TextObject OrderIndex="46" TextRelation="EXTENT"><Content>5 s. ;</Content></TextObject><TextObject OrderIndex="47" TextRelation="EXTENT"><Content>23 cm.</Content></TextObject><TextObject NoteType="GENERAL" OrderIndex="48" TextRelation="NOTE"><Content>Repr. from the Quarterly Bulletin of the Polish Inst. of Arts and Sciences in America, January, 1943.</Content></TextObject><TextObject NoteType="GENERAL" OrderIndex="49" TextRelation="NOTE"><Content>Tyt. nagł.</Content></TextObject><OrganizationObject OrderIndex="43" PartyRelation="PUBLISHER"><PartyName>s. n.</PartyName></OrganizationObject><LanguageObject LanguageRelation="LANGUAGE_OF_CONTENT" OrderIndex="41">ENG</LanguageObject><ResourceTypeObject OrderIndex="31">TEXT</ResourceTypeObject><TopicObject OrderIndex="45"><GeneralSubdivision>pomiary</GeneralSubdivision><TopicName>Temperatura</TopicName><Identifiers><Identifier>1000000108796</Identifier><Scope>TEL</Scope></Identifiers></TopicObject><AudienceObject OrderIndex="36">UNKNOW</AudienceObject><InstantObject OrderIndex="27" TemporalRelation="OP_LOADED"><Time>1358943207000</Time><Granularity>SECOND</Granularity><Uncertain>false</Uncertain></InstantObject><InstantObject OrderIndex="40" TemporalRelation="PUBLICATION"><Time>-852080400000</Time><Granularity>YEAR</Granularity><Uncertain>false</Uncertain></InstantObject><MetadataObject FieldSource="PROVIDER" Format="marc21" OrderIndex="30"><record xmlns="info:lc/xmlns/marcxchange-v1"><leader>00935nam a2200241 i 4500</leader><controlfield tag="001">b11530789</controlfield><controlfield tag="008">981002s1943    xxu          |000 0 eng  </controlfield><datafield ind1=" " ind2=" " tag="040"><subfield code="a">WA N</subfield><subfield code="c">WA N</subfield></datafield><datafield ind1="1" ind2=" " tag="100"><subfield code="a">Świętosławski, Wojciech</subfield><subfield code="d">(1881-1968).</subfield></datafield><datafield ind1="1" ind2="2" tag="245"><subfield code="a">A proposal for determining the energy equivalent of certain calorimeters by the comparative method /</subfield><subfield code="c">by W. Swietoslawski.</subfield></datafield><datafield ind1=" " ind2=" " tag="260"><subfield code="a">[New York :</subfield><subfield code="b">s. n.,</subfield><subfield code="c">1943 ?].</subfield></datafield><datafield ind1=" " ind2=" " tag="300"><subfield code="a">5 s. ;</subfield><subfield code="c">23 cm.</subfield></datafield><datafield ind1=" " ind2=" " tag="500"><subfield code="a">Repr. from the Quarterly Bulletin of the Polish Inst. of Arts and Sciences in America, January, 1943.</subfield></datafield><datafield ind1=" " ind2=" " tag="500"><subfield code="a">Tyt. nagł.</subfield></datafield><datafield ind1=" " ind2="4" tag="650"><subfield code="a">Temperatura</subfield><subfield code="x">pomiary</subfield><subfield code="x">metody</subfield></datafield><datafield ind1=" " ind2=" " tag="902"><subfield code="a">121211</subfield><subfield code="c">981005</subfield><subfield code="d">m</subfield><subfield code="e">a</subfield><subfield code="f">-</subfield><subfield code="g">0</subfield></datafield><datafield ind1=" " ind2=" " tag="907"><subfield code="b">bk   </subfield><subfield code="c">-</subfield></datafield><datafield ind1=" " ind2=" " tag="960"><subfield code="a">II 1.519.157</subfield><subfield code="c">bk   </subfield><subfield code="e">1.519.157</subfield><subfield code="h">1994 d 7/49</subfield><subfield code="i">Z 20,00</subfield><subfield code="j">1999.03.01</subfield><subfield code="k">1</subfield><subfield code="l">-</subfield><subfield code="o">1</subfield></datafield><datafield ind1=" " ind2=" " tag="960"><subfield code="a">II 1.418.088 A</subfield><subfield code="c">bk   </subfield><subfield code="e">1.418.088</subfield><subfield code="h">1994 d 7/48</subfield><subfield code="i">Z 20,00</subfield><subfield code="j">1999.03.01</subfield><subfield code="k">1</subfield><subfield code="l">-</subfield><subfield code="o">0</subfield></datafield><datafield ind1=" " ind2=" " tag="996"><subfield code="a">.b11530789</subfield></datafield><datafield ind1=" " ind2=" " tag="998"><subfield code="a">ik</subfield><subfield code="a">o</subfield></datafield><datafield ind1=" " ind2=" " tag="999"><subfield code="a">JB</subfield><subfield code="b">js</subfield></datafield><datafield ind1=" " ind2=" " tag="999"><subfield code="a">alma</subfield></datafield></record>