</MetadataObject><PersonObject OrderIndex="39" PartyRelation="CREATOR"><PartyName>Wojciech Świętosławski</PartyName><LifePeriod><Start><Time>-2808518400000</Time><Granularity>YEAR</Granularity><Uncertain>false</Uncertain></Start><End><Time>-63158400000</Time><Granularity>YEAR</Granularity><Uncertain>false</Uncertain></End></LifePeriod><FirstNames>Wojciech</FirstNames><Surname>Świętosławski</Surname></PersonObject><LinkObject FieldSource="TEL" LinkTarget="CATALOGUE_RECORD" OrderIndex="50"><Url>http://alpha.bn.org.pl/record=b1153078*pol</Url><LinkStatus>NOT_CHECKED</LinkStatus></LinkObject></MetadataRecord>
<MetadataRecord xmlns="http://theeuropeanlibrary.org/internal_object_model" ID="2000048756673"><BibliographicLevelObject OrderIndex="41">MONOGRAPH</BibliographicLevelObject><CatalogingFormObject OrderIndex="40">ISBD</CatalogingFormObject><TitleObject OrderIndex="46" TitleType="MAIN"><Title>Nuo gotikos iki romantizmo</Title><SubTitle>senoji Lietuvos dailė : straipsnių rinkinys</SubTitle></TitleObject><IdentifierObject IdentifierType="LOCAL_IDENTIFIER" OrderIndex="32"><Identifier>b11530686</Identifier></IdentifierObject><IdentifierObject IdentifierType="OAIPMH" OrderIndex="34"><Identifier>urn:theeuropeanlibrary.org:a0232:b11530686</Identifier></IdentifierObject><IdentifierObject IdentifierType="LOCAL_IDENTIFIER" OrderIndex="43"><Identifier>b11530686</Identifier><Scope>a0232</Scope></IdentifierObject><IdentifierObject IdentifierType="ISBN" OrderIndex="44"><Identifier>5899421452</Identifier></IdentifierObject><IdentifierObject ContextLevel="RECORD" FieldSource="TEL" OrderIndex="63" SpatialIdentifierType="TEL"><Identifier>1000001258865</Identifier><Scope>TEL</Scope></IdentifierObject><IllustrationsObject OrderIndex="39">NO_ILLUSTRATIONS</IllustrationsObject><SpatialEntityObject OrderIndex="53" SpatialRelation="PUBLICATION"><Identifiers><Identifier>LT</Identifier><Scope>ISO3166</Scope></Identifiers></SpatialEntityObject><NamedPlaceObject OrderIndex="51" SpatialRelation="PUBLICATION"><Identifiers><Identifier>1000001258865</Identifier><Scope>TEL</Scope></Identifiers><PlaceName>Vilnius</PlaceName></NamedPlaceObject><NamedPlaceObject OrderIndex="56" SpatialRelation="SUBJECT"><PlaceName>Wilno (Litwa)</PlaceName><Subject><GeneralSubdivision>sztuka</GeneralSubdivision><ChronologicalSubdivision><Instant><Time>-61615209600000</Time><Granularity>MONTH</Granularity><Uncertain>false</Uncertain></Instant></ChronologicalSubdivision></Subject></NamedPlaceObject><PrintTypeObject OrderIndex="38">PRINTED</PrintTypeObject><ProvenanceObject OrderIndex="35"><CollectionId>a0232</CollectionId><ProviderId>P01214</ProviderId></ProvenanceObject><StatusObject OrderIndex="31">UPDATED</StatusObject><TextObject OrderIndex="45" TextRelation="STATEMENT_OF_RESPONSIBILITY"><Content>[sudarė Irena Vaišvilaitė] ; Lietuvos Mokslų Akad. Kulturos ir meno Institutas.</Content></TextObject><TextObject OrderIndex="58" TextRelation="EXTENT"><Content>262, [2] s., [80] s.tabl. ;</Content></TextObject><TextObject OrderIndex="59" TextRelation="EXTENT"><Content>21 cm.</Content></TextObject><TextObject OrderIndex="60" TextRelation="TABLE_OF_CONTENTS"><Content>Dotyczy architektury Wilna m. in. w okresie jego przynależności do Polski.</Content></TextObject><TextObject OrderIndex="61" TextRelation="DESCRIPTION"><Content>Tekst częśc. ros.</Content></TextObject><OrganizationObject OrderIndex="52" PartyRelation="PUBLISHER"><PartyName>"Academia"</PartyName></OrganizationObject><LanguageObject LanguageRelation="LANGUAGE_OF_CONTENT" OrderIndex="49">LIT</LanguageObject><LanguageObject LanguageRelation="LANGUAGE_OF_CONTENT" OrderIndex="50">RUS</LanguageObject><ResourceTypeObject OrderIndex="37">TEXT</ResourceTypeObject><TopicObject OrderIndex="54"><GeneralSubdivision>historia</GeneralSubdivision><ChronologicalSubdivision><Instant><Time>-61615209600000</Time><Granularity>MONTH</Granularity><Uncertain>false</Uncertain></Instant></ChronologicalSubdivision><TopicName>Sztuka litewska</TopicName></TopicObject><TopicObject OrderIndex="55"><GeneralSubdivision>historia</GeneralSubdivision><ChronologicalSubdivision><Instant><Time>-61615209600000</Time><Granularity>MONTH</Granularity><Uncertain>false</Uncertain></Instant></ChronologicalSubdivision><TopicName>Sztuka polska</TopicName></TopicObject><TopicObject OrderIndex="57"><TopicName>Materiały konferencyjne</TopicName></TopicObject><AudienceObject OrderIndex="42">UNKNOW</AudienceObject><InstantObject OrderIndex="33" TemporalRelation="OP_LOADED"><Time>1358943216000</Time><Granularity>SECOND</Granularity><Uncertain>false</Uncertain></InstantObject><InstantObject OrderIndex="48" TemporalRelation="PUBLICATION"><Time>694224000000</Time><Granularity>YEAR</Granularity><Uncertain>false</Uncertain></InstantObject><MetadataObject FieldSource="PROVIDER" Format="marc21" OrderIndex="36"><record xmlns="info:lc/xmlns/marcxchange-v1"><leader>01171nam a2200313 i 4500</leader><controlfield tag="001">b11530686</controlfield><controlfield tag="008">981002s1992    li           |100 0 lit  </controlfield><datafield ind1=" " ind2=" " tag="020"><subfield code="a">5899421452</subfield></datafield><datafield ind1=" " ind2=" " tag="040"><subfield code="a">WA N</subfield><subfield code="c">WA N</subfield></datafield><datafield ind1="0" ind2=" " tag="041"><subfield code="a">litrus</subfield></datafield><datafield ind1="0" ind2="0" tag="245"><subfield code="a">Nuo gotikos iki romantizmo :</subfield><subfield code="b">senoji Lietuvos dailė : straipsnių rinkinys /</subfield><subfield code="c">[sudarė Irena Vaišvilaitė] ; Lietuvos Mokslų Akad. Kulturos ir meno Institutas.</subfield></datafield><datafield ind1=" " ind2=" " tag="260"><subfield code="a">Vilnius :</subfield><subfield code="b">"Academia",</subfield><subfield code="c">1992.</subfield></datafield><datafield ind1=" " ind2=" " tag="300"><subfield code="a">262, [2] s., [80] s.tabl. ;</subfield><subfield code="c">21 cm.</subfield></datafield><datafield ind1="8" ind2=" " tag="505"><subfield code="a">Dotyczy architektury Wilna m. in. w okresie jego przynależności do Polski.</subfield></datafield><datafield ind1=" " ind2=" " tag="546"><subfield code="a">Tekst częśc. ros.</subfield></datafield><datafield ind1=" " ind2="4" tag="650"><subfield code="a">Sztuka litewska</subfield><subfield code="x">historia</subfield><subfield code="y">16-19 w.</subfield></datafield><datafield ind1=" " ind2="4" tag="650"><subfield code="a">Sztuka polska</subfield><subfield code="x">historia</subfield><subfield code="y">16-19 w.</subfield></datafield><datafield ind1=" " ind2="4" tag="651"><subfield code="a">Wilno (Litwa)</subfield><subfield code="x">sztuka</subfield><subfield code="y">16-19 w.</subfield></datafield><datafield ind1=" " ind2="4" tag="655"><subfield code="a">Materiały konferencyjne</subfield></datafield><datafield ind1="1" ind2=" " tag="700"><subfield code="a">Vaišvilaite, Irena</subfield><subfield code="d">(1954- ).</subfield><subfield code="e">Wybór</subfield></datafield><datafield ind1=" " ind2=" " tag="902"><subfield code="a">121211</subfield><subfield code="c">981005</subfield><subfield code="d">m</subfield><subfield code="e">a</subfield><subfield code="f">-</subfield><subfield code="g">0</subfield></datafield><datafield ind1=" " ind2=" " tag="907"><subfield code="b">bk   </subfield><subfield code="c">-</subfield></datafield><datafield ind1=" " ind2=" " tag="920"><subfield code="a">5-89942-145-2</subfield></datafield><datafield ind1=" " ind2=" " tag="960"><subfield code="a">II 1.702.783</subfield><subfield code="c">bk   </subfield><subfield code="d">30001007886964</subfield><subfield code="h">1993 w 525</subfield><subfield code="i">Z 0,10</subfield><subfield code="k">1</subfield><subfield code="l">-</subfield><subfield code="o">1</subfield></datafield><datafield ind1=" " ind2=" " tag="960"><subfield code="a">I 1.382.203 A</subfield><subfield code="c">bk   </subfield><subfield code="h">1993 w 283/2</subfield><subfield code="i">Z 0,00</subfield><subfield code="l">-</subfield><subfield code="o">0</subfield></datafield><datafield ind1=" " ind2=" " tag="996"><subfield code="a">.b11530686</subfield></datafield><datafield ind1=" " ind2=" " tag="998"><subfield code="a">ik</subfield><subfield code="a">o</subfield></datafield><datafield ind1=" " ind2=" " tag="999"><subfield code="a">JB</subfield><subfield code="b">js</subfield><subfield code="c">ea</subfield></datafield><datafield ind1=" " ind2=" " tag="999"><subfield code="a">wakl</subfield></datafield></record>