</MetadataObject><PersonObject OrderIndex="39" PartyRelation="CREATOR"><PartyName>Tadeusz Podgórski</PartyName><Identifiers><Identifier>1000015814358</Identifier><Scope>TEL</Scope></Identifiers><Identifiers><Identifier>2000078080042</Identifier><Scope>TEL</Scope></Identifiers><Identifiers><Identifier>1000021578234</Identifier><Scope>TEL</Scope></Identifiers><Identifiers><Identifier>1000021213070</Identifier><Scope>TEL</Scope></Identifiers><LifePeriod><Start><Time>-1609459200000</Time><Granularity>YEAR</Granularity><Uncertain>false</Uncertain></Start><End><Time>504921600000</Time><Granularity>YEAR</Granularity><Uncertain>false</Uncertain></End></LifePeriod><FirstNames>Tadeusz</FirstNames><Surname>Podgórski</Surname></PersonObject><PersonObject OrderIndex="40" PartyRelation="CONTRIBUTOR"><PartyName>Sergej. Pirogov</PartyName><Identifiers><Identifier>1000020312623</Identifier><Scope>TEL</Scope></Identifiers><FirstNames>Sergej.</FirstNames><Surname>Pirogov</Surname></PersonObject><LinkObject FieldSource="TEL" LinkTarget="CATALOGUE_RECORD" OrderIndex="48"><Url>http://alpha.bn.org.pl/record=b1153090*pol</Url><LinkStatus>NOT_CHECKED</LinkStatus></LinkObject></MetadataRecord>
<MetadataRecord xmlns="http://theeuropeanlibrary.org/internal_object_model" ID="2000048755757"><BibliographicLevelObject OrderIndex="35">MONOGRAPH</BibliographicLevelObject><CatalogingFormObject OrderIndex="34">ISBD</CatalogingFormObject><TitleObject OrderIndex="38" TitleType="MAIN"><Title>Zemel'nyja nuždy derevni i osnovnyja zadaci agrarnoj reformy</Title></TitleObject><IdentifierObject IdentifierType="LOCAL_IDENTIFIER" OrderIndex="26"><Identifier>b11521399</Identifier></IdentifierObject><IdentifierObject IdentifierType="OAIPMH" OrderIndex="28"><Identifier>urn:theeuropeanlibrary.org:a0232:b11521399</Identifier></IdentifierObject><IdentifierObject IdentifierType="LOCAL_IDENTIFIER" OrderIndex="37"><Identifier>b11521399</Identifier><Scope>a0232</Scope></IdentifierObject><IdentifierObject ContextLevel="CONTENT" FieldSource="TEL" OrderIndex="51" SpatialIdentifierType="TEL"><Identifier>1000004111306</Identifier><Scope>TEL</Scope></IdentifierObject><IllustrationsObject OrderIndex="33">NO_ILLUSTRATIONS</IllustrationsObject><SpatialEntityObject OrderIndex="45" SpatialRelation="PUBLICATION"><Identifiers><Identifier>RU</Identifier><Scope>ISO3166</Scope></Identifiers></SpatialEntityObject><NamedPlaceObject OrderIndex="43" SpatialRelation="PUBLICATION"><PlaceName>S.-Peterburg</PlaceName></NamedPlaceObject><PrintTypeObject OrderIndex="32">PRINTED</PrintTypeObject><ProvenanceObject OrderIndex="29"><CollectionId>a0232</CollectionId><ProviderId>P01214</ProviderId></ProvenanceObject><StatusObject OrderIndex="25">UPDATED</StatusObject><TextObject OrderIndex="48" TextRelation="EXTENT"><Content>155, [1] s. ;</Content></TextObject><TextObject OrderIndex="49" TextRelation="EXTENT"><Content>22 cm.</Content></TextObject><OrganizationObject OrderIndex="44" PartyRelation="PUBLISHER"><PartyName>s. n.</PartyName></OrganizationObject><LanguageObject LanguageRelation="LANGUAGE_OF_CONTENT" OrderIndex="41">RUS</LanguageObject><ResourceTypeObject OrderIndex="31">TEXT</ResourceTypeObject><TopicObject OrderIndex="46"><GeneralSubdivision>polityka</GeneralSubdivision><ChronologicalSubdivision><Instant><Time>-2130278400000</Time><Granularity>MONTH</Granularity><Uncertain>false</Uncertain></Instant></ChronologicalSubdivision><GeographicSubdivision><NamedPlace><Identifiers><Identifier>1000004111306</Identifier><Scope>TEL</Scope></Identifiers><PlaceName>Rosja</PlaceName></NamedPlace></GeographicSubdivision><TopicName>Rolnictwo</TopicName></TopicObject><TopicObject OrderIndex="47"><ChronologicalSubdivision><Instant><Time>-2130278400000</Time><Granularity>MONTH</Granularity><Uncertain>false</Uncertain></Instant></ChronologicalSubdivision><GeographicSubdivision><NamedPlace><Identifiers><Identifier>1000004111306</Identifier><Scope>TEL</Scope></Identifiers><PlaceName>Rosja</PlaceName></NamedPlace></GeographicSubdivision><TopicName>Wieś</TopicName></TopicObject><AudienceObject OrderIndex="36">UNKNOW</AudienceObject><InstantObject OrderIndex="27" TemporalRelation="OP_LOADED"><Time>1358942912000</Time><Granularity>SECOND</Granularity><Uncertain>false</Uncertain></InstantObject><InstantObject OrderIndex="40" TemporalRelation="PUBLICATION"><Time>-2019686400000</Time><Granularity>YEAR</Granularity><Uncertain>false</Uncertain></InstantObject><MetadataObject FieldSource="PROVIDER" Format="marc21" OrderIndex="30"><record xmlns="info:lc/xmlns/marcxchange-v1"><leader>00829nam a2200229 i 4500</leader><controlfield tag="001">b11521399</controlfield><controlfield tag="008">981002s1906    ru           |000 0 ruso </controlfield><datafield ind1=" " ind2=" " tag="040"><subfield code="a">WA N</subfield><subfield code="c">WA N</subfield></datafield><datafield ind1="1" ind2=" " tag="100"><subfield code="a">Pěšechonov, Aleksej Vasil'evič</subfield></datafield><datafield ind1="1" ind2="0" tag="245"><subfield code="a">Zemel'nyja nuždy derevni i osnovnyja zadaci agrarnoj reformy /</subfield><subfield code="c">A. V. Pěšechonov ; [Knigoizdatel'stvo "Russkoe Bogatstvo"].</subfield></datafield><datafield ind1=" " ind2=" " tag="250"><subfield code="a">3 izd. red. žurnala "Russkoe Bogatstvo".</subfield></datafield><datafield ind1=" " ind2=" " tag="260"><subfield code="a">S.-Peterburg :</subfield><subfield code="b">[s. n.],</subfield><subfield code="c">1906</subfield><subfield code="e">([S.-Peterburg] :</subfield><subfield code="f">N. N. Klobukov).</subfield></datafield><datafield ind1=" " ind2=" " tag="300"><subfield code="a">155, [1] s. ;</subfield><subfield code="c">22 cm.</subfield></datafield><datafield ind1=" " ind2="4" tag="650"><subfield code="a">Rolnictwo</subfield><subfield code="x">polityka</subfield><subfield code="z">Rosja</subfield><subfield code="y">1901-1914 r.</subfield></datafield><datafield ind1=" " ind2="4" tag="650"><subfield code="a">Wieś</subfield><subfield code="z">Rosja</subfield><subfield code="y">1901-1914 r.</subfield></datafield><datafield ind1=" " ind2=" " tag="902"><subfield code="a">121211</subfield><subfield code="c">990226</subfield><subfield code="d">m</subfield><subfield code="e">a</subfield><subfield code="f">-</subfield><subfield code="g">0</subfield></datafield><datafield ind1=" " ind2=" " tag="907"><subfield code="b">bk   </subfield><subfield code="c">-</subfield></datafield><datafield ind1=" " ind2=" " tag="960"><subfield code="a">II 2.027.086</subfield><subfield code="c">bk   </subfield><subfield code="h">Kras. 827</subfield><subfield code="i">Z 500,00</subfield><subfield code="l">-</subfield><subfield code="o">1</subfield></datafield><datafield ind1=" " ind2=" " tag="996"><subfield code="a">.b11521399</subfield></datafield><datafield ind1=" " ind2=" " tag="998"><subfield code="a">ik</subfield><subfield code="a">o</subfield></datafield><datafield ind1=" " ind2=" " tag="999"><subfield code="a">as</subfield><subfield code="b">zb</subfield><subfield code="b">bm</subfield></datafield><datafield ind1=" " ind2=" " tag="999"><subfield code="a">hepi</subfield></datafield></record>