</MetadataObject><PersonObject OrderIndex="38" PartyRelation="CREATOR"><PartyName>Edmond. Picard</PartyName><Identifiers><Identifier>1000015886824</Identifier><Scope>TEL</Scope></Identifiers><Identifiers><Identifier>1000020952668</Identifier><Scope>TEL</Scope></Identifiers><Identifiers><Identifier>1000015307732</Identifier><Scope>TEL</Scope></Identifiers><FirstNames>Edmond.</FirstNames><Surname>Picard</Surname></PersonObject><EditionObject OrderIndex="41"><Number>2</Number><Statement>2 éd. rev. et augm.</Statement></EditionObject><LinkObject FieldSource="TEL" LinkTarget="CATALOGUE_RECORD" OrderIndex="48"><Url>http://alpha.bn.org.pl/record=b1152126*pol</Url><LinkStatus>NOT_CHECKED</LinkStatus></LinkObject></MetadataRecord>
<MetadataRecord xmlns="http://theeuropeanlibrary.org/internal_object_model" ID="2000048755767"><BibliographicLevelObject OrderIndex="33">MONOGRAPH</BibliographicLevelObject><CatalogingFormObject OrderIndex="32">ISBD</CatalogingFormObject><TitleObject OrderIndex="36" TitleType="MAIN"><Title>Recent developements in international law</Title></TitleObject><IdentifierObject IdentifierType="LOCAL_IDENTIFIER" OrderIndex="24"><Identifier>b11521491</Identifier></IdentifierObject><IdentifierObject IdentifierType="OAIPMH" OrderIndex="26"><Identifier>urn:theeuropeanlibrary.org:a0232:b11521491</Identifier></IdentifierObject><IdentifierObject IdentifierType="LOCAL_IDENTIFIER" OrderIndex="35"><Identifier>b11521491</Identifier><Scope>a0232</Scope></IdentifierObject><IdentifierObject ContextLevel="RECORD" FieldSource="TEL" OrderIndex="47" PartyIdentifierType="TEL"><Identifier>2000074182987</Identifier><Scope>TEL</Scope></IdentifierObject><IdentifierObject ContextLevel="RECORD" FieldSource="TEL" OrderIndex="48" PartyIdentifierType="TEL"><Identifier>1000022239348</Identifier><Scope>TEL</Scope></IdentifierObject><IdentifierObject ContextLevel="RECORD" FieldSource="TEL" OrderIndex="49" SpatialIdentifierType="TEL"><Identifier>1000002627364</Identifier><Scope>TEL</Scope></IdentifierObject><IllustrationsObject OrderIndex="31">NO_ILLUSTRATIONS</IllustrationsObject><SpatialEntityObject OrderIndex="42" SpatialRelation="PUBLICATION"><Identifiers><Identifier>IN</Identifier><Scope>ISO3166</Scope></Identifiers></SpatialEntityObject><NamedPlaceObject OrderIndex="40" SpatialRelation="PUBLICATION"><Identifiers><Identifier>1000002627364</Identifier><Scope>TEL</Scope></Identifiers><PlaceName>Calcutta</PlaceName></NamedPlaceObject><PrintTypeObject OrderIndex="30">PRINTED</PrintTypeObject><ProvenanceObject OrderIndex="27"><CollectionId>a0232</CollectionId><ProviderId>P01214</ProviderId></ProvenanceObject><StatusObject OrderIndex="23">UPDATED</StatusObject><TextObject OrderIndex="44" TextRelation="EXTENT"><Content>[2], XII, 840 s. ;</Content></TextObject><TextObject OrderIndex="45" TextRelation="EXTENT"><Content>24 cm.</Content></TextObject><OrganizationObject OrderIndex="41" PartyRelation="PUBLISHER"><PartyName>The University of Calcutta</PartyName></OrganizationObject><LanguageObject LanguageRelation="LANGUAGE_OF_CONTENT" OrderIndex="39">ENG</LanguageObject><ResourceTypeObject OrderIndex="29">TEXT</ResourceTypeObject><TopicObject OrderIndex="43"><TopicName>Prawo międzynarodowe</TopicName></TopicObject><AudienceObject OrderIndex="34">UNKNOW</AudienceObject><InstantObject OrderIndex="25" TemporalRelation="OP_LOADED"><Time>1358943205000</Time><Granularity>SECOND</Granularity><Uncertain>false</Uncertain></InstantObject><InstantObject OrderIndex="38" TemporalRelation="PUBLICATION"><Time>-1420070400000</Time><Granularity>YEAR</Granularity><Uncertain>false</Uncertain></InstantObject><MetadataObject FieldSource="PROVIDER" Format="marc21" OrderIndex="28"><record xmlns="info:lc/xmlns/marcxchange-v1"><leader>00728nam a2200229 i 4500</leader><controlfield tag="001">b11521491</controlfield><controlfield tag="008">981002s1925    ii           |000 0 eng  </controlfield><datafield ind1=" " ind2=" " tag="040"><subfield code="a">WA N</subfield><subfield code="c">WA N</subfield></datafield><datafield ind1="1" ind2=" " tag="100"><subfield code="a">Garner, James Wilford</subfield><subfield code="d">(1871-1938).</subfield></datafield><datafield ind1="1" ind2="0" tag="245"><subfield code="a">Recent developements in international law /</subfield><subfield code="c">by James Wilford Garner.</subfield></datafield><datafield ind1=" " ind2=" " tag="260"><subfield code="a">Calcutta :</subfield><subfield code="b">The University of Calcutta,</subfield><subfield code="c">1925.</subfield></datafield><datafield ind1=" " ind2=" " tag="300"><subfield code="a">[2], XII, 840 s. ;</subfield><subfield code="c">24 cm.</subfield></datafield><datafield ind1="1" ind2=" " tag="490"><subfield code="a">Tagore Law Lectures ;</subfield><subfield code="v">1922</subfield></datafield><datafield ind1=" " ind2="4" tag="650"><subfield code="a">Prawo międzynarodowe</subfield></datafield><datafield ind1=" " ind2="0" tag="830"><subfield code="a">Tagore Law Lectures ;</subfield><subfield code="v">1922</subfield></datafield><datafield ind1=" " ind2=" " tag="902"><subfield code="a">121211</subfield><subfield code="c">981005</subfield><subfield code="d">m</subfield><subfield code="e">a</subfield><subfield code="f">-</subfield><subfield code="g">0</subfield></datafield><datafield ind1=" " ind2=" " tag="907"><subfield code="b">bk   </subfield><subfield code="c">-</subfield></datafield><datafield ind1=" " ind2=" " tag="960"><subfield code="a">II 2.027.186</subfield><subfield code="c">bk   </subfield><subfield code="h">Kras. 91737</subfield><subfield code="i">Z 500,00</subfield><subfield code="l">-</subfield><subfield code="o">1</subfield></datafield><datafield ind1=" " ind2=" " tag="996"><subfield code="a">.b11521491</subfield></datafield><datafield ind1=" " ind2=" " tag="998"><subfield code="a">ik</subfield><subfield code="a">o</subfield></datafield><datafield ind1=" " ind2=" " tag="999"><subfield code="a">as</subfield><subfield code="b">zb</subfield><subfield code="b">bm</subfield></datafield><datafield ind1=" " ind2=" " tag="999"><subfield code="a">rodo</subfield></datafield></record>