</MetadataObject><PersonObject OrderIndex="40" PartyRelation="CREATOR"><PartyName>Louis Veuillot</PartyName><Identifiers><Identifier>1000022243017</Identifier><Scope>TEL</Scope></Identifiers><Identifiers><Identifier>2000073689237</Identifier><Scope>TEL</Scope></Identifiers><LifePeriod><Start><Time>-4954435200000</Time><Granularity>YEAR</Granularity><Uncertain>false</Uncertain></Start><End><Time>-2745446400000</Time><Granularity>YEAR</Granularity><Uncertain>false</Uncertain></End></LifePeriod><FirstNames>Louis</FirstNames><Surname>Veuillot</Surname></PersonObject><LinkObject FieldSource="TEL" LinkTarget="CATALOGUE_RECORD" OrderIndex="50"><Url>http://alpha.bn.org.pl/record=b1152104*pol</Url><LinkStatus>NOT_CHECKED</LinkStatus></LinkObject></MetadataRecord>
<MetadataRecord xmlns="http://theeuropeanlibrary.org/internal_object_model" ID="2000048755742"><BibliographicLevelObject OrderIndex="36">MONOGRAPH</BibliographicLevelObject><CatalogingFormObject OrderIndex="35">ISBD</CatalogingFormObject><TitleObject OrderIndex="39" TitleType="MAIN"><Title>Rome et Demetrius d'après des documents nouveaux avec pièces justificatives et fac-simile</Title></TitleObject><IdentifierObject IdentifierType="LOCAL_IDENTIFIER" OrderIndex="27"><Identifier>b11521247</Identifier></IdentifierObject><IdentifierObject IdentifierType="OAIPMH" OrderIndex="29"><Identifier>urn:theeuropeanlibrary.org:a0232:b11521247</Identifier></IdentifierObject><IdentifierObject IdentifierType="LOCAL_IDENTIFIER" OrderIndex="38"><Identifier>b11521247</Identifier><Scope>a0232</Scope></IdentifierObject><IdentifierObject ContextLevel="RECORD" FieldSource="TEL" OrderIndex="53" PartyIdentifierType="TEL"><Identifier>1000022443947</Identifier><Scope>TEL</Scope></IdentifierObject><IdentifierObject ContextLevel="RECORD" FieldSource="TEL" OrderIndex="54" SpatialIdentifierType="TEL"><Identifier>1000006057437</Identifier><Scope>TEL</Scope></IdentifierObject><IdentifierObject ContextLevel="CONTENT" FieldSource="TEL" OrderIndex="55" SpatialIdentifierType="TEL"><Identifier>1000004111306</Identifier><Scope>TEL</Scope></IdentifierObject><IllustrationsObject OrderIndex="34">NO_ILLUSTRATIONS</IllustrationsObject><SpatialEntityObject OrderIndex="45" SpatialRelation="PUBLICATION"><Identifiers><Identifier>FR</Identifier><Scope>ISO3166</Scope></Identifiers></SpatialEntityObject><NamedPlaceObject OrderIndex="43" SpatialRelation="PUBLICATION"><Identifiers><Identifier>1000006057437</Identifier><Scope>TEL</Scope></Identifiers><PlaceName>Paris</PlaceName></NamedPlaceObject><NamedPlaceObject OrderIndex="48" SpatialRelation="SUBJECT"><Identifiers><Identifier>1000004111306</Identifier><Scope>TEL</Scope></Identifiers><PlaceName>Rosja</PlaceName><Subject><GeneralSubdivision>a papiestwo</GeneralSubdivision><ChronologicalSubdivision><Instant><Time>-61630848000000</Time><Granularity>YEAR</Granularity><Uncertain>false</Uncertain></Instant></ChronologicalSubdivision></Subject></NamedPlaceObject><NamedPlaceObject OrderIndex="49" SpatialRelation="SUBJECT"><Identifiers><Identifier>1000004111306</Identifier><Scope>TEL</Scope></Identifiers><PlaceName>Rosja</PlaceName><Subject><ChronologicalSubdivision><Instant><Time>-61630848000000</Time><Granularity>YEAR</Granularity><Uncertain>false</Uncertain></Instant></ChronologicalSubdivision></Subject></NamedPlaceObject><PrintTypeObject OrderIndex="33">PRINTED</PrintTypeObject><ProvenanceObject OrderIndex="30"><CollectionId>a0232</CollectionId><ProviderId>P01214</ProviderId></ProvenanceObject><StatusObject OrderIndex="26">UPDATED</StatusObject><TextObject OrderIndex="50" TextRelation="EXTENT"><Content>[4], XXVI, 224 s., [2] s. tabl., [2] k. tabl. ;</Content></TextObject><TextObject OrderIndex="51" TextRelation="EXTENT"><Content>23 cm.</Content></TextObject><OrganizationObject OrderIndex="44" PartyRelation="PUBLISHER"><PartyName>E. Leroux</PartyName></OrganizationObject><LanguageObject LanguageRelation="LANGUAGE_OF_CONTENT" OrderIndex="42">FRE</LanguageObject><ResourceTypeObject OrderIndex="32">TEXT</ResourceTypeObject><TopicObject OrderIndex="47"><GeneralSubdivision>a Rosja</GeneralSubdivision><ChronologicalSubdivision><Instant><Time>-61630848000000</Time><Granularity>YEAR</Granularity><Uncertain>false</Uncertain></Instant></ChronologicalSubdivision><TopicName>Papiestwo</TopicName></TopicObject><AudienceObject OrderIndex="37">UNKNOW</AudienceObject><InstantObject OrderIndex="28" TemporalRelation="OP_LOADED"><Time>1358943205000</Time><Granularity>SECOND</Granularity><Uncertain>false</Uncertain></InstantObject><InstantObject OrderIndex="41" TemporalRelation="PUBLICATION"><Time>-2903212800000</Time><Granularity>YEAR</Granularity><Uncertain>false</Uncertain></InstantObject><MetadataObject FieldSource="PROVIDER" Format="marc21" OrderIndex="31"><record xmlns="info:lc/xmlns/marcxchange-v1"><leader>00803nam a2200229 i 4500</leader><controlfield tag="001">b11521247</controlfield><controlfield tag="008">981002s1878    fr           |000 0 fre  </controlfield><datafield ind1=" " ind2=" " tag="040"><subfield code="a">WA N</subfield><subfield code="c">WA N</subfield></datafield><datafield ind1="1" ind2=" " tag="100"><subfield code="a">Pierling, Paul</subfield><subfield code="d">(1846-1922).</subfield></datafield><datafield ind1="1" ind2="0" tag="245"><subfield code="a">Rome et Demetrius d'après des documents nouveaux avec pièces justificatives et fac-simile /</subfield><subfield code="c">par P. Pierling.</subfield></datafield><datafield ind1=" " ind2=" " tag="260"><subfield code="a">Paris :</subfield><subfield code="b">E. Leroux,</subfield><subfield code="c">1878.</subfield></datafield><datafield ind1=" " ind2=" " tag="300"><subfield code="a">[4], XXVI, 224 s., [2] s. tabl., [2] k. tabl. ;</subfield><subfield code="c">23 cm.</subfield></datafield><datafield ind1="0" ind2="4" tag="600"><subfield code="a">Dymitr Samozwaniec</subfield><subfield code="b">I</subfield><subfield code="c">(car Rosji ;</subfield><subfield code="d">1582?-1606)</subfield></datafield><datafield ind1=" " ind2="4" tag="650"><subfield code="a">Papiestwo</subfield><subfield code="x">a Rosja</subfield><subfield code="y">17 w.</subfield></datafield><datafield ind1=" " ind2="4" tag="651"><subfield code="a">Rosja</subfield><subfield code="x">a papiestwo</subfield><subfield code="y">17 w.</subfield></datafield><datafield ind1=" " ind2="4" tag="651"><subfield code="a">Rosja</subfield><subfield code="y">17 w.</subfield></datafield><datafield ind1=" " ind2=" " tag="902"><subfield code="a">121211</subfield><subfield code="c">981005</subfield><subfield code="d">m</subfield><subfield code="e">a</subfield><subfield code="f">-</subfield><subfield code="g">0</subfield></datafield><datafield ind1=" " ind2=" " tag="907"><subfield code="b">bk   </subfield><subfield code="c">-</subfield></datafield><datafield ind1=" " ind2=" " tag="960"><subfield code="a">II 2.027.307</subfield><subfield code="c">bk   </subfield><subfield code="h">Kras. 19303</subfield><subfield code="i">Z 500,00</subfield><subfield code="l">-</subfield><subfield code="o">1</subfield></datafield><datafield ind1=" " ind2=" " tag="996"><subfield code="a">.b11521247</subfield></datafield><datafield ind1=" " ind2=" " tag="998"><subfield code="a">ik</subfield><subfield code="a">o</subfield></datafield><datafield ind1=" " ind2=" " tag="999"><subfield code="a">as</subfield><subfield code="b">zb</subfield><subfield code="b">ae</subfield></datafield></record>