</MetadataObject><PersonObject OrderIndex="40" PartyRelation="CREATOR"><PartyName>Paul Pierling</PartyName><Identifiers><Identifier>1000022443947</Identifier><Scope>TEL</Scope></Identifiers><LifePeriod><Start><Time>-3913056000000</Time><Granularity>YEAR</Granularity><Uncertain>false</Uncertain></Start><End><Time>-1514764800000</Time><Granularity>YEAR</Granularity><Uncertain>false</Uncertain></End></LifePeriod><FirstNames>Paul</FirstNames><Surname>Pierling</Surname></PersonObject><PersonObject OrderIndex="46" PartyRelation="SUBJECT"><PartyName>Dymitr Samozwaniec</PartyName><LifePeriod><Start><Time>-12243225600000</Time><Granularity>YEAR</Granularity><Uncertain>true</Uncertain></Start><End><Time>-11486707200000</Time><Granularity>YEAR</Granularity><Uncertain>false</Uncertain></End></LifePeriod><FirstNames>Dymitr</FirstNames><Surname>Samozwaniec</Surname></PersonObject><LinkObject FieldSource="TEL" LinkTarget="CATALOGUE_RECORD" OrderIndex="52"><Url>http://alpha.bn.org.pl/record=b1152124*pol</Url><LinkStatus>NOT_CHECKED</LinkStatus></LinkObject></MetadataRecord>
<MetadataRecord xmlns="http://theeuropeanlibrary.org/internal_object_model" ID="2000048755733"><BibliographicLevelObject OrderIndex="38">MONOGRAPH</BibliographicLevelObject><CatalogingFormObject OrderIndex="37">ISBD</CatalogingFormObject><TitleObject OrderIndex="42" TitleType="MAIN"><Title>Deutschland und das uebrige Europa</Title><SubTitle>Handbuch der Bodens-, Bevölkerungs-, Erwerbs- und Verkehrs-Statistik : des Staatshaushalts und der Streitmacht</SubTitle></TitleObject><IdentifierObject IdentifierType="LOCAL_IDENTIFIER" OrderIndex="29"><Identifier>b11521156</Identifier></IdentifierObject><IdentifierObject IdentifierType="OAIPMH" OrderIndex="31"><Identifier>urn:theeuropeanlibrary.org:a0232:b11521156</Identifier></IdentifierObject><IdentifierObject IdentifierType="LOCAL_IDENTIFIER" OrderIndex="40"><Identifier>b11521156</Identifier><Scope>a0232</Scope></IdentifierObject><IdentifierObject ContextLevel="RECORD" FieldSource="TEL" OrderIndex="57" PartyIdentifierType="TEL"><Identifier>1000020874662</Identifier><Scope>TEL</Scope></IdentifierObject><IdentifierObject ContextLevel="RECORD" FieldSource="TEL" OrderIndex="58" SpatialIdentifierType="TEL"><Identifier>1000005696123</Identifier><Scope>TEL</Scope></IdentifierObject><IdentifierObject ContextLevel="CONTENT" FieldSource="TEL" OrderIndex="59" SpatialIdentifierType="TEL"><Identifier>1000005921967</Identifier><Scope>TEL</Scope></IdentifierObject><IllustrationsObject OrderIndex="36">NO_ILLUSTRATIONS</IllustrationsObject><SpatialEntityObject OrderIndex="48" SpatialRelation="PUBLICATION"><Identifiers><Identifier>DE</Identifier><Scope>ISO3166</Scope></Identifiers></SpatialEntityObject><NamedPlaceObject OrderIndex="46" SpatialRelation="PUBLICATION"><Identifiers><Identifier>1000005696123</Identifier><Scope>TEL</Scope></Identifiers><PlaceName>Wiesbaden</PlaceName></NamedPlaceObject><NamedPlaceObject OrderIndex="49" SpatialRelation="SUBJECT"><Identifiers><Identifier>1000005921967</Identifier><Scope>TEL</Scope></Identifiers><PlaceName>Niemcy</PlaceName><Subject><GeneralSubdivision>gospodarka</GeneralSubdivision><ChronologicalSubdivision><Instant><Time>-61567776000000</Time><Granularity>YEAR</Granularity><Uncertain>false</Uncertain></Instant></ChronologicalSubdivision></Subject></NamedPlaceObject><NamedPlaceObject OrderIndex="50" SpatialRelation="SUBJECT"><PlaceName>Europa</PlaceName><Subject><GeneralSubdivision>gospodarka</GeneralSubdivision><ChronologicalSubdivision><Instant><Time>-61567776000000</Time><Granularity>YEAR</Granularity><Uncertain>false</Uncertain></Instant></ChronologicalSubdivision></Subject></NamedPlaceObject><PrintTypeObject OrderIndex="35">PRINTED</PrintTypeObject><ProvenanceObject OrderIndex="32"><CollectionId>a0232</CollectionId><ProviderId>P01214</ProviderId></ProvenanceObject><StatusObject OrderIndex="28">UPDATED</StatusObject><TextObject OrderIndex="41" TextRelation="STATEMENT_OF_RESPONSIBILITY"><Content>in Vergleichender Darstellung vom Fr. W. v. Reden.</Content></TextObject><TextObject OrderIndex="52" TextRelation="EXTENT"><Content>XXXXVII, [1], 1120 s. ;</Content></TextObject><TextObject OrderIndex="53" TextRelation="EXTENT"><Content>24 cm.</Content></TextObject><TextObject NoteType="GENERAL" OrderIndex="54" TextRelation="NOTE"><Content>Kat. Kras. hasło: Reden Fr. W.</Content></TextObject><TextObject NoteType="EXTERNAL_INDEXES" OrderIndex="55" TextRelation="NOTE"><Content>NUC Pre-1956. vol. 484 s. 440.</Content></TextObject><OrganizationObject OrderIndex="47" PartyRelation="PUBLISHER"><PartyName>Kreidel und Niedner</PartyName></OrganizationObject><LanguageObject LanguageRelation="LANGUAGE_OF_CONTENT" OrderIndex="45">GER</LanguageObject><ResourceTypeObject OrderIndex="34">TEXT</ResourceTypeObject><TopicObject OrderIndex="51"><TopicName>Dane statystyczne</TopicName></TopicObject><AudienceObject OrderIndex="39">UNKNOW</AudienceObject><InstantObject OrderIndex="30" TemporalRelation="OP_LOADED"><Time>1358942912000</Time><Granularity>SECOND</Granularity><Uncertain>false</Uncertain></InstantObject><InstantObject OrderIndex="44" TemporalRelation="PUBLICATION"><Time>-3660595200000</Time><Granularity>YEAR</Granularity><Uncertain>false</Uncertain></InstantObject><MetadataObject FieldSource="PROVIDER" Format="marc21" OrderIndex="33"><record xmlns="info:lc/xmlns/marcxchange-v1"><leader>00934nam a2200241 i 4500</leader><controlfield tag="001">b11521156</controlfield><controlfield tag="008">981002s1854    gw           |000 0 ger  </controlfield><datafield ind1=" " ind2=" " tag="040"><subfield code="a">WA N</subfield><subfield code="c">WA N</subfield></datafield><datafield ind1="1" ind2=" " tag="100"><subfield code="a">Reden, Friedrich Wilhelm von</subfield><subfield code="d">(1804-1857).</subfield></datafield><datafield ind1="1" ind2="0" tag="245"><subfield code="a">Deutschland und das uebrige Europa :</subfield><subfield code="b">Handbuch der Bodens-, Bevölkerungs-, Erwerbs- und Verkehrs-Statistik : des Staatshaushalts und der Streitmacht /</subfield><subfield code="c">in Vergleichender Darstellung vom Fr. W. v. Reden.</subfield></datafield><datafield ind1=" " ind2=" " tag="260"><subfield code="a">Wiesbaden :</subfield><subfield code="b">Kreidel und Niedner,</subfield><subfield code="c">1854.</subfield></datafield><datafield ind1=" " ind2=" " tag="300"><subfield code="a">XXXXVII, [1], 1120 s. ;</subfield><subfield code="c">24 cm.</subfield></datafield><datafield ind1=" " ind2=" " tag="500"><subfield code="a">Kat. Kras. hasło: Reden Fr. W.</subfield></datafield><datafield ind1="4" ind2=" " tag="510"><subfield code="a">NUC Pre-1956</subfield><subfield code="c">vol. 484 s. 440.</subfield></datafield><datafield ind1=" " ind2="4" tag="651"><subfield code="a">Niemcy</subfield><subfield code="x">gospodarka</subfield><subfield code="y">19 w.</subfield></datafield><datafield ind1=" " ind2="4" tag="651"><subfield code="a">Europa</subfield><subfield code="x">gospodarka</subfield><subfield code="y">19 w.</subfield></datafield><datafield ind1=" " ind2="4" tag="655"><subfield code="a">Dane statystyczne</subfield></datafield><datafield ind1=" " ind2=" " tag="902"><subfield code="a">121211</subfield><subfield code="c">981005</subfield><subfield code="d">m</subfield><subfield code="e">a</subfield><subfield code="f">-</subfield><subfield code="g">0</subfield></datafield><datafield ind1=" " ind2=" " tag="907"><subfield code="b">bk   </subfield><subfield code="c">-</subfield></datafield><datafield ind1=" " ind2=" " tag="960"><subfield code="a">II 2.027.285</subfield><subfield code="c">bk   </subfield><subfield code="h">Kras. 39582</subfield><subfield code="i">Z 500,00</subfield><subfield code="l">-</subfield><subfield code="o">1</subfield></datafield><datafield ind1=" " ind2=" " tag="996"><subfield code="a">.b11521156</subfield></datafield><datafield ind1=" " ind2=" " tag="998"><subfield code="a">ik</subfield><subfield code="a">o</subfield></datafield><datafield ind1=" " ind2=" " tag="999"><subfield code="a">jk</subfield><subfield code="b">as</subfield><subfield code="b">ae</subfield></datafield></record>