</MetadataObject><PersonObject OrderIndex="43" PartyRelation="CREATOR"><PartyName>Friedrich Wilhelm von Reden</PartyName><Identifiers><Identifier>1000020874662</Identifier><Scope>TEL</Scope></Identifiers><LifePeriod><Start><Time>-5238518400000</Time><Granularity>YEAR</Granularity><Uncertain>false</Uncertain></Start><End><Time>-3565900800000</Time><Granularity>YEAR</Granularity><Uncertain>false</Uncertain></End></LifePeriod><FirstNames>Friedrich Wilhelm von</FirstNames><Surname>Reden</Surname></PersonObject><LinkObject FieldSource="TEL" LinkTarget="CATALOGUE_RECORD" OrderIndex="56"><Url>http://alpha.bn.org.pl/record=b1152115*pol</Url><LinkStatus>NOT_CHECKED</LinkStatus></LinkObject></MetadataRecord>
<MetadataRecord xmlns="http://theeuropeanlibrary.org/internal_object_model" ID="2000048755814"><BibliographicLevelObject OrderIndex="41">MONOGRAPH</BibliographicLevelObject><CatalogingFormObject OrderIndex="40">ISBD</CatalogingFormObject><TitleObject OrderIndex="45" TitleType="MAIN"><Title>68th European Teachers' Seminar on ”The role of the school in combating intolerance and xenophobia“, Donaueschingen, Germany, 19-24 June 1995</Title><SubTitle>report</SubTitle></TitleObject><TitleObject OrderIndex="46" TitleType="ALTERNATIVE"><Title>Sixty eighth European Teacher's Seminar on ”The role of the school in combating intolerance and xenophobia“, Donaueschingen, Germany, 19-24 June 1995</Title></TitleObject><TitleObject OrderIndex="47" TitleType="ALTERNATIVE"><Title>Role of the school in combating intolerance and xenophobia</Title></TitleObject><IdentifierObject IdentifierType="LOCAL_IDENTIFIER" OrderIndex="32"><Identifier>b1152196x</Identifier></IdentifierObject><IdentifierObject IdentifierType="OAIPMH" OrderIndex="34"><Identifier>urn:theeuropeanlibrary.org:a0232:b1152196x</Identifier></IdentifierObject><IdentifierObject IdentifierType="LOCAL_IDENTIFIER" OrderIndex="43"><Identifier>b1152196x</Identifier><Scope>a0232</Scope></IdentifierObject><IdentifierObject ContextLevel="RECORD" FieldSource="TEL" OrderIndex="63" PartyIdentifierType="TEL"><Identifier>1000021127438</Identifier><Scope>TEL</Scope></IdentifierObject><IdentifierObject ContextLevel="RECORD" FieldSource="TEL" OrderIndex="64" SpatialIdentifierType="TEL"><Identifier>1000006027531</Identifier><Scope>TEL</Scope></IdentifierObject><IllustrationsObject OrderIndex="39">NO_ILLUSTRATIONS</IllustrationsObject><SpatialEntityObject OrderIndex="53" SpatialRelation="PUBLICATION"><Identifiers><Identifier>FR</Identifier><Scope>ISO3166</Scope></Identifiers></SpatialEntityObject><NamedPlaceObject OrderIndex="51" SpatialRelation="PUBLICATION"><Identifiers><Identifier>1000006027531</Identifier><Scope>TEL</Scope></Identifiers><PlaceName>Strasbourg</PlaceName></NamedPlaceObject><PrintTypeObject OrderIndex="38">PRINTED</PrintTypeObject><ProvenanceObject OrderIndex="35"><CollectionId>a0232</CollectionId><ProviderId>P01214</ProviderId></ProvenanceObject><StatusObject OrderIndex="31">UPDATED</StatusObject><TextObject OrderIndex="44" TextRelation="STATEMENT_OF_RESPONSIBILITY"><Content>by Marie-Claude Muñoz ; Council for Cultural Co-operation In-Service Training Programme for teachers.</Content></TextObject><TextObject OrderIndex="59" TextRelation="EXTENT"><Content>[2], 37 s. ;</Content></TextObject><TextObject OrderIndex="60" TextRelation="EXTENT"><Content>30 cm.</Content></TextObject><TextObject NoteType="GENERAL" OrderIndex="61" TextRelation="NOTE"><Content>U góry s. tyt.: DECS/SE/BS/Donau (95) 2. - Na okł. u góry: Council of Europe.</Content></TextObject><OrganizationObject OrderIndex="52" PartyRelation="PUBLISHER"><PartyName>Council for Cultural Co-operation</PartyName></OrganizationObject><LanguageObject LanguageRelation="LANGUAGE_OF_CONTENT" OrderIndex="50">ENG</LanguageObject><ResourceTypeObject OrderIndex="37">TEXT</ResourceTypeObject><TopicObject OrderIndex="54"><GeneralSubdivision>szkolnictwo i oświata</GeneralSubdivision><TopicName>Mniejszości narodowe</TopicName></TopicObject><TopicObject OrderIndex="55"><GeneralSubdivision>zapobieganie i zwalczanie</GeneralSubdivision><TopicName>Ksenofobia</TopicName></TopicObject><TopicObject OrderIndex="56"><GeneralSubdivision>nauczanie</GeneralSubdivision><TopicName>Tolerancja</TopicName></TopicObject><TopicObject OrderIndex="57"><TopicName>Wychowanie</TopicName></TopicObject><TopicObject OrderIndex="58"><TopicName>Materiały konferencyjne</TopicName></TopicObject><AudienceObject OrderIndex="42">UNKNOW</AudienceObject><InstantObject OrderIndex="33" TemporalRelation="OP_LOADED"><Time>1358943205000</Time><Granularity>SECOND</Granularity><Uncertain>false</Uncertain></InstantObject><InstantObject OrderIndex="49" TemporalRelation="PUBLICATION"><Time>820454400000</Time><Granularity>YEAR</Granularity><Uncertain>false</Uncertain></InstantObject><MetadataObject FieldSource="PROVIDER" Format="marc21" OrderIndex="36"><record xmlns="info:lc/xmlns/marcxchange-v1"><leader>01365nam a2200289 i 4500</leader><controlfield tag="001">b1152196x</controlfield><controlfield tag="008">981002s1996    fr           |100 0 eng  </controlfield><datafield ind1=" " ind2=" " tag="040"><subfield code="a">WA N</subfield><subfield code="c">WA N</subfield></datafield><datafield ind1="1" ind2=" " tag="100"><subfield code="a">Muñoz, Marie-Claude.</subfield></datafield><datafield ind1="1" ind2="0" tag="245"><subfield code="a">68th European Teachers' Seminar on ”The role of the school in combating intolerance and xenophobia“, Donaueschingen, Germany, 19-24 June 1995 :</subfield><subfield code="b">report /</subfield><subfield code="c">by Marie-Claude Muñoz ; Council for Cultural Co-operation In-Service Training Programme for teachers.</subfield></datafield><datafield ind1="3" ind2=" " tag="246"><subfield code="a">Sixty eighth European Teacher's Seminar on ”The role of the school in combating intolerance and xenophobia“, Donaueschingen, Germany, 19-24 June 1995</subfield></datafield><datafield ind1="1" ind2="4" tag="246"><subfield code="a">Role of the school in combating intolerance and xenophobia</subfield></datafield><datafield ind1=" " ind2=" " tag="260"><subfield code="a">Strasbourg :</subfield><subfield code="b">Council for Cultural Co-operation,</subfield><subfield code="c">1996.</subfield></datafield><datafield ind1=" " ind2=" " tag="300"><subfield code="a">[2], 37 s. ;</subfield><subfield code="c">30 cm.</subfield></datafield><datafield ind1=" " ind2=" " tag="500"><subfield code="a">U góry s. tyt.: DECS/SE/BS/Donau (95) 2. - Na okł. u góry: Council of Europe.</subfield></datafield><datafield ind1=" " ind2="4" tag="650"><subfield code="a">Mniejszości narodowe</subfield><subfield code="x">szkolnictwo i oświata</subfield></datafield><datafield ind1=" " ind2="4" tag="650"><subfield code="a">Ksenofobia</subfield><subfield code="x">zapobieganie i zwalczanie</subfield></datafield><datafield ind1=" " ind2="4" tag="650"><subfield code="a">Tolerancja</subfield><subfield code="x">nauczanie</subfield></datafield><datafield ind1=" " ind2="4" tag="650"><subfield code="a">Wychowanie</subfield></datafield><datafield ind1=" " ind2="4" tag="655"><subfield code="a">Materiały konferencyjne</subfield></datafield><datafield ind1=" " ind2=" " tag="902"><subfield code="a">121211</subfield><subfield code="c">981005</subfield><subfield code="d">m</subfield><subfield code="e">a</subfield><subfield code="f">-</subfield><subfield code="g">0</subfield></datafield><datafield ind1=" " ind2=" " tag="907"><subfield code="b">bk   </subfield><subfield code="c">-</subfield></datafield><datafield ind1=" " ind2=" " tag="960"><subfield code="a">III 1.689.746</subfield><subfield code="c">bk   </subfield><subfield code="d">30001016327977</subfield><subfield code="h">1997 d 1404</subfield><subfield code="i">Z 0,06</subfield><subfield code="k">1</subfield><subfield code="l">-</subfield><subfield code="o">1</subfield></datafield><datafield ind1=" " ind2=" " tag="996"><subfield code="a">.b1152196x</subfield></datafield><datafield ind1=" " ind2=" " tag="998"><subfield code="a">ik</subfield><subfield code="a">o</subfield></datafield><datafield ind1=" " ind2=" " tag="999"><subfield code="a">kc</subfield><subfield code="b">rg</subfield><subfield code="b">ae</subfield></datafield><datafield ind1=" " ind2=" " tag="999"><subfield code="a">emal</subfield></datafield></record>