</MetadataObject><PersonObject OrderIndex="48" PartyRelation="CREATOR"><PartyName>Marie-Claude. Muñoz</PartyName><Identifiers><Identifier>1000021127438</Identifier><Scope>TEL</Scope></Identifiers><FirstNames>Marie-Claude.</FirstNames><Surname>Muñoz</Surname></PersonObject><LinkObject FieldSource="TEL" LinkTarget="CATALOGUE_RECORD" OrderIndex="62"><Url>http://alpha.bn.org.pl/record=b1152196*pol</Url><LinkStatus>NOT_CHECKED</LinkStatus></LinkObject></MetadataRecord>
<MetadataRecord xmlns="http://theeuropeanlibrary.org/internal_object_model" ID="2000048755833"><BibliographicLevelObject OrderIndex="34">MONOGRAPH</BibliographicLevelObject><CatalogingFormObject OrderIndex="33">ISBD</CatalogingFormObject><TitleObject OrderIndex="38" TitleType="MAIN"><Title>Tram wpopszek ulicy</Title><SubTitle>skruty prozy i poemy</SubTitle></TitleObject><IdentifierObject IdentifierType="LOCAL_IDENTIFIER" OrderIndex="25"><Identifier>b1152215x</Identifier></IdentifierObject><IdentifierObject IdentifierType="OAIPMH" OrderIndex="27"><Identifier>urn:theeuropeanlibrary.org:a0232:b1152215x</Identifier></IdentifierObject><IdentifierObject IdentifierType="LOCAL_IDENTIFIER" OrderIndex="36"><Identifier>b1152215x</Identifier><Scope>a0232</Scope></IdentifierObject><IdentifierObject ContextLevel="RECORD" FieldSource="TEL" OrderIndex="49" PartyIdentifierType="TEL"><Identifier>1000015661618</Identifier><Scope>TEL</Scope></IdentifierObject><IdentifierObject ContextLevel="RECORD" FieldSource="TEL" OrderIndex="50" PartyIdentifierType="TEL"><Identifier>1000015733443</Identifier><Scope>TEL</Scope></IdentifierObject><IdentifierObject ContextLevel="RECORD" FieldSource="TEL" OrderIndex="51" PartyIdentifierType="TEL"><Identifier>1000008205986</Identifier><Scope>TEL</Scope></IdentifierObject><IdentifierObject ContextLevel="RECORD" FieldSource="TEL" OrderIndex="52" PartyIdentifierType="TEL"><Identifier>1000016693330</Identifier><Scope>TEL</Scope></IdentifierObject><IdentifierObject ContextLevel="RECORD" FieldSource="TEL" OrderIndex="53" PartyIdentifierType="TEL"><Identifier>2000078018860</Identifier><Scope>TEL</Scope></IdentifierObject><IdentifierObject ContextLevel="RECORD" FieldSource="TEL" OrderIndex="54" PartyIdentifierType="TEL"><Identifier>1000021272476</Identifier><Scope>TEL</Scope></IdentifierObject><IdentifierObject ContextLevel="RECORD" FieldSource="TEL" OrderIndex="55" PartyIdentifierType="TEL"><Identifier>1000022557723</Identifier><Scope>TEL</Scope></IdentifierObject><IdentifierObject ContextLevel="RECORD" FieldSource="TEL" OrderIndex="56" PartyIdentifierType="TEL"><Identifier>1000020819763</Identifier><Scope>TEL</Scope></IdentifierObject><IdentifierObject ContextLevel="RECORD" FieldSource="TEL" OrderIndex="57" SpatialIdentifierType="TEL"><Identifier>1000001587202</Identifier><Scope>TEL</Scope></IdentifierObject><IllustrationsObject OrderIndex="32">NO_ILLUSTRATIONS</IllustrationsObject><SpatialEntityObject OrderIndex="44" SpatialRelation="PUBLICATION"><Identifiers><Identifier>PL</Identifier><Scope>ISO3166</Scope></Identifiers></SpatialEntityObject><NamedPlaceObject OrderIndex="42" SpatialRelation="PUBLICATION"><Identifiers><Identifier>1000001587202</Identifier><Scope>TEL</Scope></Identifiers><PlaceName>Warszawa</PlaceName></NamedPlaceObject><PrintTypeObject OrderIndex="31">PRINTED</PrintTypeObject><ProvenanceObject OrderIndex="28"><CollectionId>a0232</CollectionId><ProviderId>P01214</ProviderId></ProvenanceObject><StatusObject OrderIndex="24">UPDATED</StatusObject><TextObject OrderIndex="37" TextRelation="STATEMENT_OF_RESPONSIBILITY"><Content>Yeży Yankowski.</Content></TextObject><TextObject OrderIndex="46" TextRelation="EXTENT"><Content>[32] k. ;</Content></TextObject><TextObject OrderIndex="47" TextRelation="EXTENT"><Content>24 cm.</Content></TextObject><OrganizationObject OrderIndex="43" PartyRelation="PUBLISHER"><PartyName>Futuryzm Polski</PartyName></OrganizationObject><LanguageObject LanguageRelation="LANGUAGE_OF_CONTENT" OrderIndex="41">POL</LanguageObject><ResourceTypeObject OrderIndex="30">TEXT</ResourceTypeObject><TopicObject OrderIndex="45"><ChronologicalSubdivision><Instant><Time>-61536240000000</Time><Granularity>YEAR</Granularity><Uncertain>false</Uncertain></Instant></ChronologicalSubdivision><TopicName>Satyra polska</TopicName></TopicObject><AudienceObject OrderIndex="35">UNKNOW</AudienceObject><InstantObject OrderIndex="26" TemporalRelation="OP_LOADED"><Time>1358943203000</Time><Granularity>SECOND</Granularity><Uncertain>false</Uncertain></InstantObject><InstantObject OrderIndex="40" TemporalRelation="PUBLICATION"><Time>-1577923200000</Time><Granularity>YEAR</Granularity><Uncertain>false</Uncertain></InstantObject><MetadataObject FieldSource="PROVIDER" Format="marc21" OrderIndex="29"><record xmlns="info:lc/xmlns/marcxchange-v1"><leader>00863nam a2200241 i 4500</leader><controlfield tag="001">b1152215x</controlfield><controlfield tag="008">981002s1920    pl           |000 0 pol  </controlfield><datafield ind1=" " ind2=" " tag="040"><subfield code="a">WA N</subfield><subfield code="c">WA N</subfield></datafield><datafield ind1="1" ind2=" " tag="100"><subfield code="a">Jankowski, Jerzy</subfield><subfield code="d">(1887-1941).</subfield></datafield><datafield ind1="1" ind2="0" tag="245"><subfield code="a">Tram wpopszek ulicy :</subfield><subfield code="b">skruty prozy i poemy /</subfield><subfield code="c">Yeży Yankowski.</subfield></datafield><datafield ind1=" " ind2=" " tag="260"><subfield code="a">Warszawa :</subfield><subfield code="b">Futuryzm Polski,</subfield><subfield code="c">1920</subfield><subfield code="e">(Warszawa :</subfield><subfield code="f">Drukarnia Literacka).</subfield></datafield><datafield ind1=" " ind2=" " tag="300"><subfield code="a">[32] k. ;</subfield><subfield code="c">24 cm.</subfield></datafield><datafield ind1=" " ind2="4" tag="655"><subfield code="a">Satyra polska</subfield><subfield code="y">20 w.</subfield></datafield><datafield ind1=" " ind2=" " tag="902"><subfield code="a">121211</subfield><subfield code="c">981005</subfield><subfield code="d">m</subfield><subfield code="e">a</subfield><subfield code="f">-</subfield><subfield code="g">0</subfield></datafield><datafield ind1=" " ind2=" " tag="907"><subfield code="b">bk   </subfield><subfield code="c">-</subfield></datafield><datafield ind1=" " ind2=" " tag="960"><subfield code="a">II 538.875</subfield><subfield code="c">bk   </subfield><subfield code="d">30001008147569</subfield><subfield code="h">1949 k 57/395</subfield><subfield code="i">Z 0,00</subfield><subfield code="l">-</subfield><subfield code="o">1</subfield></datafield><datafield ind1=" " ind2=" " tag="960"><subfield code="a">II 512.756</subfield><subfield code="c">bk   </subfield><subfield code="d">30001007776654</subfield><subfield code="h">Hefl. 355</subfield><subfield code="i">Z 0,00</subfield><subfield code="l">-</subfield><subfield code="o">1</subfield></datafield><datafield ind1=" " ind2=" " tag="960"><subfield code="a">II 2.029.717</subfield><subfield code="c">bk   </subfield><subfield code="h">Kras. 76662</subfield><subfield code="i">Z 150,00</subfield><subfield code="l">-</subfield><subfield code="o">1</subfield></datafield><datafield ind1=" " ind2=" " tag="960"><subfield code="a">II 822.440 A</subfield><subfield code="c">bk   </subfield><subfield code="h">1973 k 194/289</subfield><subfield code="i">Z 0,00</subfield><subfield code="l">-</subfield><subfield code="o">0</subfield></datafield><datafield ind1=" " ind2=" " tag="996"><subfield code="a">.b1152215x</subfield></datafield><datafield ind1=" " ind2=" " tag="998"><subfield code="a">ik</subfield><subfield code="a">o</subfield></datafield><datafield ind1=" " ind2=" " tag="999"><subfield code="a">mt</subfield><subfield code="b">as</subfield><subfield code="b">ae</subfield></datafield><datafield ind1=" " ind2=" " tag="999"><subfield code="a">resi</subfield></datafield></record>