</MetadataObject><PersonObject OrderIndex="39" PartyRelation="CREATOR"><PartyName>Jerzy Jankowski</PartyName><Identifiers><Identifier>1000015733443</Identifier><Scope>TEL</Scope></Identifiers><Identifiers><Identifier>1000016693330</Identifier><Scope>TEL</Scope></Identifiers><Identifiers><Identifier>1000022557723</Identifier><Scope>TEL</Scope></Identifiers><Identifiers><Identifier>1000008205986</Identifier><Scope>TEL</Scope></Identifiers><Identifiers><Identifier>2000078018860</Identifier><Scope>TEL</Scope></Identifiers><Identifiers><Identifier>1000015661618</Identifier><Scope>TEL</Scope></Identifiers><Identifiers><Identifier>1000020819763</Identifier><Scope>TEL</Scope></Identifiers><Identifiers><Identifier>1000021272476</Identifier><Scope>TEL</Scope></Identifiers><LifePeriod><Start><Time>-2619216000000</Time><Granularity>YEAR</Granularity><Uncertain>false</Uncertain></Start><End><Time>-915152400000</Time><Granularity>YEAR</Granularity><Uncertain>false</Uncertain></End></LifePeriod><FirstNames>Jerzy</FirstNames><Surname>Jankowski</Surname></PersonObject><LinkObject FieldSource="TEL" LinkTarget="CATALOGUE_RECORD" OrderIndex="48"><Url>http://alpha.bn.org.pl/record=b1152215*pol</Url><LinkStatus>NOT_CHECKED</LinkStatus></LinkObject></MetadataRecord>
<MetadataRecord xmlns="http://theeuropeanlibrary.org/internal_object_model" ID="2000048755791"><BibliographicLevelObject OrderIndex="37">MONOGRAPH</BibliographicLevelObject><CatalogingFormObject OrderIndex="36">ISBD</CatalogingFormObject><TitleObject OrderIndex="40" TitleType="MAIN"><Title>Éléments de physique</Title></TitleObject><IdentifierObject IdentifierType="LOCAL_IDENTIFIER" OrderIndex="28"><Identifier>b11521739</Identifier></IdentifierObject><IdentifierObject IdentifierType="OAIPMH" OrderIndex="30"><Identifier>urn:theeuropeanlibrary.org:a0232:b11521739</Identifier></IdentifierObject><IdentifierObject IdentifierType="LOCAL_IDENTIFIER" OrderIndex="39"><Identifier>b11521739</Identifier><Scope>a0232</Scope></IdentifierObject><IdentifierObject ContextLevel="RECORD" FieldSource="TEL" OrderIndex="55" SpatialIdentifierType="TEL"><Identifier>1000006057437</Identifier><Scope>TEL</Scope></IdentifierObject><IllustrationsObject OrderIndex="35">NO_ILLUSTRATIONS</IllustrationsObject><SpatialEntityObject OrderIndex="47" SpatialRelation="PUBLICATION"><Identifiers><Identifier>FR</Identifier><Scope>ISO3166</Scope></Identifiers></SpatialEntityObject><NamedPlaceObject OrderIndex="45" SpatialRelation="PUBLICATION"><Identifiers><Identifier>1000006057437</Identifier><Scope>TEL</Scope></Identifiers><PlaceName>Paris</PlaceName></NamedPlaceObject><PrintTypeObject OrderIndex="34">PRINTED</PrintTypeObject><ProvenanceObject OrderIndex="31"><CollectionId>a0232</CollectionId><ProviderId>P01214</ProviderId></ProvenanceObject><StatusObject OrderIndex="27">UPDATED</StatusObject><TextObject OrderIndex="50" TextRelation="EXTENT"><Content>XIX, [1], 521 s., 11 k. tabl., [1] k. tabl. ;</Content></TextObject><TextObject OrderIndex="51" TextRelation="EXTENT"><Content>22 cm.</Content></TextObject><TextObject NoteType="EXTERNAL_INDEXES" OrderIndex="52" TextRelation="NOTE"><Content>NUC Pre-1956. vol. 582 s. 458.</Content></TextObject><TextObject NoteType="EXTERNAL_INDEXES" OrderIndex="53" TextRelation="NOTE"><Content>CG. t. 137 szp. 757.</Content></TextObject><OrganizationObject OrderIndex="46" PartyRelation="PUBLISHER"><PartyName>Gaume Frères</PartyName></OrganizationObject><LanguageObject LanguageRelation="LANGUAGE_OF_CONTENT" OrderIndex="43">FRE</LanguageObject><ResourceTypeObject OrderIndex="33">TEXT</ResourceTypeObject><TopicObject OrderIndex="48"><TopicName>Fizyka</TopicName></TopicObject><TopicObject OrderIndex="49"><TopicName>Podręczniki</TopicName></TopicObject><AudienceObject OrderIndex="38">UNKNOW</AudienceObject><InstantObject OrderIndex="29" TemporalRelation="OP_LOADED"><Time>1358943206000</Time><Granularity>SECOND</Granularity><Uncertain>false</Uncertain></InstantObject><InstantObject OrderIndex="42" TemporalRelation="PUBLICATION"><Time>-3723753600000</Time><Granularity>YEAR</Granularity><Uncertain>false</Uncertain></InstantObject><MetadataObject FieldSource="PROVIDER" Format="marc21" OrderIndex="32"><record xmlns="info:lc/xmlns/marcxchange-v1"><leader>00729nam a2200241 i 4500</leader><controlfield tag="001">b11521739</controlfield><controlfield tag="008">981002s1852    fr           |000 0 fre  </controlfield><datafield ind1=" " ind2=" " tag="040"><subfield code="a">WA N</subfield><subfield code="c">WA N</subfield></datafield><datafield ind1="1" ind2=" " tag="100"><subfield code="a">Pinault</subfield><subfield code="c">(abbe).</subfield></datafield><datafield ind1="1" ind2="0" tag="245"><subfield code="a">Éléments de physique /</subfield><subfield code="c">par l'abbe Pinault.</subfield></datafield><datafield ind1=" " ind2=" " tag="250"><subfield code="a">4 éd. rev., corr. et augm.</subfield></datafield><datafield ind1=" " ind2=" " tag="260"><subfield code="a">Paris :</subfield><subfield code="b">Gaume Frères,</subfield><subfield code="c">1852.</subfield></datafield><datafield ind1=" " ind2=" " tag="300"><subfield code="a">XIX, [1], 521 s., 11 k. tabl., [1] k. tabl. ;</subfield><subfield code="c">22 cm.</subfield></datafield><datafield ind1="4" ind2=" " tag="510"><subfield code="a">NUC Pre-1956</subfield><subfield code="c">vol. 582 s. 458.</subfield></datafield><datafield ind1="4" ind2=" " tag="510"><subfield code="a">CG</subfield><subfield code="c">t. 137 szp. 757.</subfield></datafield><datafield ind1=" " ind2="4" tag="650"><subfield code="a">Fizyka</subfield></datafield><datafield ind1=" " ind2="4" tag="655"><subfield code="a">Podręczniki</subfield></datafield><datafield ind1=" " ind2=" " tag="902"><subfield code="a">121211</subfield><subfield code="c">981005</subfield><subfield code="d">m</subfield><subfield code="e">a</subfield><subfield code="f">-</subfield><subfield code="g">0</subfield></datafield><datafield ind1=" " ind2=" " tag="907"><subfield code="b">bk   </subfield><subfield code="c">-</subfield></datafield><datafield ind1=" " ind2=" " tag="960"><subfield code="a">II 2.027.363</subfield><subfield code="c">bk   </subfield><subfield code="h">Kras. 15608</subfield><subfield code="i">Z 500,00</subfield><subfield code="l">-</subfield><subfield code="o">1</subfield></datafield><datafield ind1=" " ind2=" " tag="996"><subfield code="a">.b11521739</subfield></datafield><datafield ind1=" " ind2=" " tag="998"><subfield code="a">ik</subfield><subfield code="a">o</subfield></datafield><datafield ind1=" " ind2=" " tag="999"><subfield code="a">as</subfield><subfield code="b">zb</subfield><subfield code="b">ae</subfield></datafield></record>