</MetadataObject><PersonObject OrderIndex="41" PartyRelation="CREATOR"><PartyName>Pinault</PartyName><Surname>Pinault</Surname></PersonObject><EditionObject OrderIndex="44"><Number>4</Number><Statement>4 éd. rev., corr. et augm.</Statement></EditionObject><LinkObject FieldSource="TEL" LinkTarget="CATALOGUE_RECORD" OrderIndex="54"><Url>http://alpha.bn.org.pl/record=b1152173*pol</Url><LinkStatus>NOT_CHECKED</LinkStatus></LinkObject></MetadataRecord>
<MetadataRecord xmlns="http://theeuropeanlibrary.org/internal_object_model" ID="2000048755781"><BibliographicLevelObject OrderIndex="37">MONOGRAPH</BibliographicLevelObject><CatalogingFormObject OrderIndex="36">ISBD</CatalogingFormObject><TitleObject OrderIndex="41" TitleType="MAIN"><Title>Die höchste Cultur aller Blumenpflanzen, um jeder Jahrszeit im Garten, im Zimmer und vor dem Fenster</Title><SubTitle>alle Arten Blumen heranzutreiben und zu pflegen, vorzüglich die Kunst : das Resultat dreissigjähriger Erfahrung eines versuchten praktischen Gärtners</SubTitle></TitleObject><IdentifierObject IdentifierType="LOCAL_IDENTIFIER" OrderIndex="28"><Identifier>b11521636</Identifier></IdentifierObject><IdentifierObject IdentifierType="OAIPMH" OrderIndex="30"><Identifier>urn:theeuropeanlibrary.org:a0232:b11521636</Identifier></IdentifierObject><IdentifierObject IdentifierType="LOCAL_IDENTIFIER" OrderIndex="39"><Identifier>b11521636</Identifier><Scope>a0232</Scope></IdentifierObject><IdentifierObject ContextLevel="RECORD" FieldSource="TEL" OrderIndex="55" PartyIdentifierType="TEL"><Identifier>1000007867739</Identifier><Scope>TEL</Scope></IdentifierObject><IdentifierObject ContextLevel="RECORD" FieldSource="TEL" OrderIndex="56" PartyIdentifierType="TEL"><Identifier>1000020596708</Identifier><Scope>TEL</Scope></IdentifierObject><IdentifierObject ContextLevel="RECORD" FieldSource="TEL" OrderIndex="57" SpatialIdentifierType="TEL"><Identifier>1000005814250</Identifier><Scope>TEL</Scope></IdentifierObject><IllustrationsObject OrderIndex="35">NO_ILLUSTRATIONS</IllustrationsObject><SpatialEntityObject OrderIndex="48" SpatialRelation="PUBLICATION"><Identifiers><Identifier>DE</Identifier><Scope>ISO3166</Scope></Identifiers></SpatialEntityObject><NamedPlaceObject OrderIndex="45" SpatialRelation="PUBLICATION"><Identifiers><Identifier>1000005814250</Identifier><Scope>TEL</Scope></Identifiers><PlaceName>München ;</PlaceName></NamedPlaceObject><NamedPlaceObject OrderIndex="46" SpatialRelation="PUBLICATION"><PlaceName>Stuttgart [etc.]</PlaceName></NamedPlaceObject><PrintTypeObject OrderIndex="34">PRINTED</PrintTypeObject><ProvenanceObject OrderIndex="31"><CollectionId>a0232</CollectionId><ProviderId>P01214</ProviderId></ProvenanceObject><StatusObject OrderIndex="27">UPDATED</StatusObject><TextObject OrderIndex="40" TextRelation="STATEMENT_OF_RESPONSIBILITY"><Content>von Jakob Ernst von Reider.</Content></TextObject><TextObject OrderIndex="51" TextRelation="EXTENT"><Content>XII, 258, [1] s. ;</Content></TextObject><TextObject OrderIndex="52" TextRelation="EXTENT"><Content>21 cm.</Content></TextObject><TextObject NoteType="EXTERNAL_INDEXES" OrderIndex="53" TextRelation="NOTE"><Content>NUC Pre-1956. vol. 486 s. 556.</Content></TextObject><OrganizationObject OrderIndex="47" PartyRelation="PUBLISHER"><PartyName>J. G. Cotta</PartyName><Identifiers><Identifier>1000020596708</Identifier><Scope>TEL</Scope></Identifiers></OrganizationObject><LanguageObject LanguageRelation="LANGUAGE_OF_CONTENT" OrderIndex="44">GER</LanguageObject><ResourceTypeObject OrderIndex="33">TEXT</ResourceTypeObject><TopicObject OrderIndex="49"><GeneralSubdivision>uprawa</GeneralSubdivision><TopicName>Rośliny ozdobne</TopicName></TopicObject><TopicObject OrderIndex="50"><TopicName>Poradniki</TopicName></TopicObject><AudienceObject OrderIndex="38">UNKNOW</AudienceObject><InstantObject OrderIndex="29" TemporalRelation="OP_LOADED"><Time>1358943203000</Time><Granularity>SECOND</Granularity><Uncertain>false</Uncertain></InstantObject><InstantObject OrderIndex="43" TemporalRelation="PUBLICATION"><Time>-4354905600000</Time><Granularity>YEAR</Granularity><Uncertain>false</Uncertain></InstantObject><MetadataObject FieldSource="PROVIDER" Format="marc21" OrderIndex="32"><record xmlns="info:lc/xmlns/marcxchange-v1"><leader>00914nam a2200217 i 4500</leader><controlfield tag="001">b11521636</controlfield><controlfield tag="008">981002s1832    gw           |000 0 ger  </controlfield><datafield ind1=" " ind2=" " tag="040"><subfield code="a">WA N</subfield><subfield code="c">WA N</subfield></datafield><datafield ind1="1" ind2=" " tag="100"><subfield code="a">Reider, Jakob Ernst von.</subfield></datafield><datafield ind1="1" ind2="4" tag="245"><subfield code="a">Die höchste Cultur aller Blumenpflanzen, um jeder Jahrszeit im Garten, im Zimmer und vor dem Fenster :</subfield><subfield code="b">alle Arten Blumen heranzutreiben und zu pflegen, vorzüglich die Kunst [...] : das Resultat dreissigjähriger Erfahrung eines versuchten praktischen Gärtners /</subfield><subfield code="c">von Jakob Ernst von Reider.</subfield></datafield><datafield ind1=" " ind2=" " tag="260"><subfield code="a">München ;</subfield><subfield code="a">Stuttgart [etc.] :</subfield><subfield code="b">J. G. Cotta,</subfield><subfield code="c">1832.</subfield></datafield><datafield ind1=" " ind2=" " tag="300"><subfield code="a">XII, 258, [1] s. ;</subfield><subfield code="c">21 cm.</subfield></datafield><datafield ind1="4" ind2=" " tag="510"><subfield code="a">NUC Pre-1956</subfield><subfield code="c">vol. 486 s. 556.</subfield></datafield><datafield ind1=" " ind2="4" tag="650"><subfield code="a">Rośliny ozdobne</subfield><subfield code="x">uprawa</subfield></datafield><datafield ind1=" " ind2="4" tag="655"><subfield code="a">Poradniki</subfield></datafield><datafield ind1=" " ind2=" " tag="902"><subfield code="a">121211</subfield><subfield code="c">981005</subfield><subfield code="d">m</subfield><subfield code="e">a</subfield><subfield code="f">-</subfield><subfield code="g">0</subfield></datafield><datafield ind1=" " ind2=" " tag="907"><subfield code="b">bk   </subfield><subfield code="c">-</subfield></datafield><datafield ind1=" " ind2=" " tag="960"><subfield code="a">II 2.027.335</subfield><subfield code="c">bk   </subfield><subfield code="h">Kras. 57463</subfield><subfield code="i">Z 500,00</subfield><subfield code="l">-</subfield><subfield code="o">1</subfield></datafield><datafield ind1=" " ind2=" " tag="996"><subfield code="a">.b11521636</subfield></datafield><datafield ind1=" " ind2=" " tag="998"><subfield code="a">ik</subfield><subfield code="a">o</subfield></datafield><datafield ind1=" " ind2=" " tag="999"><subfield code="a">jk</subfield><subfield code="b">as</subfield><subfield code="b">ae</subfield></datafield></record>