</MetadataObject><PersonObject OrderIndex="42" PartyRelation="CREATOR"><PartyName>Jakob Ernst von. Reider</PartyName><Identifiers><Identifier>1000007867739</Identifier><Scope>TEL</Scope></Identifiers><FirstNames>Jakob Ernst von.</FirstNames><Surname>Reider</Surname></PersonObject><LinkObject FieldSource="TEL" LinkTarget="CATALOGUE_RECORD" OrderIndex="54"><Url>http://alpha.bn.org.pl/record=b1152163*pol</Url><LinkStatus>NOT_CHECKED</LinkStatus></LinkObject></MetadataRecord>
<MetadataRecord xmlns="http://theeuropeanlibrary.org/internal_object_model" ID="2000048755799"><BibliographicLevelObject OrderIndex="35">MONOGRAPH</BibliographicLevelObject><CatalogingFormObject OrderIndex="34">ISBD</CatalogingFormObject><TitleObject OrderIndex="39" TitleType="MAIN"><Title>Recherches sur l'origine et les divers établissemens des Scythes ou Goths</Title><SubTitle>servant d'introduction à l'histoire ancienne et moderne de l'Europe</SubTitle></TitleObject><IdentifierObject IdentifierType="LOCAL_IDENTIFIER" OrderIndex="26"><Identifier>b11521818</Identifier></IdentifierObject><IdentifierObject IdentifierType="OAIPMH" OrderIndex="28"><Identifier>urn:theeuropeanlibrary.org:a0232:b11521818</Identifier></IdentifierObject><IdentifierObject IdentifierType="LOCAL_IDENTIFIER" OrderIndex="37"><Identifier>b11521818</Identifier><Scope>a0232</Scope></IdentifierObject><IdentifierObject ContextLevel="RECORD" FieldSource="TEL" OrderIndex="51" PartyIdentifierType="TEL"><Identifier>2000074622835</Identifier><Scope>TEL</Scope></IdentifierObject><IdentifierObject ContextLevel="RECORD" FieldSource="TEL" OrderIndex="52" PartyIdentifierType="TEL"><Identifier>1000010655980</Identifier><Scope>TEL</Scope></IdentifierObject><IdentifierObject ContextLevel="RECORD" FieldSource="TEL" OrderIndex="53" PartyIdentifierType="TEL"><Identifier>1000020880120</Identifier><Scope>TEL</Scope></IdentifierObject><IdentifierObject ContextLevel="RECORD" FieldSource="TEL" OrderIndex="54" PartyIdentifierType="TEL"><Identifier>1000014304741</Identifier><Scope>TEL</Scope></IdentifierObject><IdentifierObject ContextLevel="RECORD" FieldSource="TEL" OrderIndex="55" PartyIdentifierType="TEL"><Identifier>3000003473743</Identifier><Scope>TEL</Scope></IdentifierObject><IdentifierObject ContextLevel="RECORD" FieldSource="TEL" OrderIndex="56" PartyIdentifierType="TEL"><Identifier>1000005015995</Identifier><Scope>TEL</Scope></IdentifierObject><IdentifierObject ContextLevel="RECORD" FieldSource="TEL" OrderIndex="57" PartyIdentifierType="TEL"><Identifier>3000004193390</Identifier><Scope>TEL</Scope></IdentifierObject><IdentifierObject ContextLevel="RECORD" FieldSource="TEL" OrderIndex="58" PartyIdentifierType="TEL"><Identifier>1000011075362</Identifier><Scope>TEL</Scope></IdentifierObject><IdentifierObject ContextLevel="RECORD" FieldSource="TEL" OrderIndex="59" PartyIdentifierType="TEL"><Identifier>1000021615319</Identifier><Scope>TEL</Scope></IdentifierObject><IdentifierObject ContextLevel="RECORD" FieldSource="TEL" OrderIndex="60" SpatialIdentifierType="TEL"><Identifier>1000006057437</Identifier><Scope>TEL</Scope></IdentifierObject><IllustrationsObject OrderIndex="33">NO_ILLUSTRATIONS</IllustrationsObject><SpatialEntityObject OrderIndex="45" SpatialRelation="PUBLICATION"><Identifiers><Identifier>FR</Identifier><Scope>ISO3166</Scope></Identifiers></SpatialEntityObject><NamedPlaceObject OrderIndex="43" SpatialRelation="PUBLICATION"><Identifiers><Identifier>1000006057437</Identifier><Scope>TEL</Scope></Identifiers><PlaceName>Paris</PlaceName></NamedPlaceObject><PrintTypeObject OrderIndex="32">PRINTED</PrintTypeObject><ProvenanceObject OrderIndex="29"><CollectionId>a0232</CollectionId><ProviderId>P01214</ProviderId></ProvenanceObject><StatusObject OrderIndex="25">UPDATED</StatusObject><TextObject OrderIndex="38" TextRelation="STATEMENT_OF_RESPONSIBILITY"><Content>tr. sur l'orig. ang. de J. Pinkerton.</Content></TextObject><TextObject OrderIndex="48" TextRelation="EXTENT"><Content>[2], XLVII, [1], 404, [2] s., [1] k. tabl. ;</Content></TextObject><TextObject OrderIndex="49" TextRelation="EXTENT"><Content>20 cm.</Content></TextObject><OrganizationObject OrderIndex="44" PartyRelation="PUBLISHER"><PartyName>de l'Impr. de la Republique</PartyName></OrganizationObject><LanguageObject LanguageRelation="LANGUAGE_OF_CONTENT" OrderIndex="42">FRE</LanguageObject><ResourceTypeObject OrderIndex="31">TEXT</ResourceTypeObject><TopicObject OrderIndex="46"><GeneralSubdivision>historia</GeneralSubdivision><TopicName>Goci</TopicName></TopicObject><TopicObject OrderIndex="47"><GeneralSubdivision>historia</GeneralSubdivision><TopicName>Scytowie</TopicName></TopicObject><AudienceObject OrderIndex="36">UNKNOW</AudienceObject><InstantObject OrderIndex="27" TemporalRelation="OP_LOADED"><Time>1358943203000</Time><Granularity>SECOND</Granularity><Uncertain>false</Uncertain></InstantObject><InstantObject OrderIndex="41" TemporalRelation="PUBLICATION"><Time>-5238518400000</Time><Granularity>YEAR</Granularity><Uncertain>false</Uncertain></InstantObject><MetadataObject FieldSource="PROVIDER" Format="marc21" OrderIndex="30"><record xmlns="info:lc/xmlns/marcxchange-v1"><leader>00887nam a2200229 i 4500</leader><controlfield tag="001">b11521818</controlfield><controlfield tag="008">981002s1804    fr           |000 0 fre  </controlfield><datafield ind1=" " ind2=" " tag="040"><subfield code="a">WA N</subfield><subfield code="c">WA N</subfield></datafield><datafield ind1="1" ind2=" " tag="041"><subfield code="a">fre</subfield><subfield code="h">eng</subfield></datafield><datafield ind1="1" ind2=" " tag="100"><subfield code="a">Pinkerton, John</subfield><subfield code="d">(1758-1826).</subfield></datafield><datafield ind1="1" ind2="0" tag="245"><subfield code="a">Recherches sur l'origine et les divers établissemens des Scythes ou Goths :</subfield><subfield code="b">servant d'introduction à l'histoire ancienne et moderne de l'Europe [...] /</subfield><subfield code="c">tr. sur l'orig. ang. de J. Pinkerton.</subfield></datafield><datafield ind1=" " ind2=" " tag="260"><subfield code="a">Paris :</subfield><subfield code="b">de l'Impr. de la Republique,</subfield><subfield code="c">1804.</subfield></datafield><datafield ind1=" " ind2=" " tag="300"><subfield code="a">[2], XLVII, [1], 404, [2] s., [1] k. tabl. ;</subfield><subfield code="c">20 cm.</subfield></datafield><datafield ind1=" " ind2="4" tag="650"><subfield code="a">Goci</subfield><subfield code="x">historia</subfield></datafield><datafield ind1=" " ind2="4" tag="650"><subfield code="a">Scytowie</subfield><subfield code="x">historia</subfield></datafield><datafield ind1=" " ind2=" " tag="902"><subfield code="a">121211</subfield><subfield code="c">981005</subfield><subfield code="d">m</subfield><subfield code="e">a</subfield><subfield code="f">-</subfield><subfield code="g">0</subfield></datafield><datafield ind1=" " ind2=" " tag="907"><subfield code="b">bk   </subfield><subfield code="c">-</subfield></datafield><datafield ind1=" " ind2=" " tag="960"><subfield code="a">II 285.510</subfield><subfield code="c">bk   </subfield><subfield code="d">30001004836161</subfield><subfield code="h">Sm. 758</subfield><subfield code="i">Z 0,00</subfield><subfield code="l">-</subfield><subfield code="o">1</subfield></datafield><datafield ind1=" " ind2=" " tag="960"><subfield code="a">II 2.027.372</subfield><subfield code="c">bk   </subfield><subfield code="h">Kras. 39489</subfield><subfield code="i">Z 500,00</subfield><subfield code="l">-</subfield><subfield code="o">1</subfield></datafield><datafield ind1=" " ind2=" " tag="996"><subfield code="a">.b11521818</subfield></datafield><datafield ind1=" " ind2=" " tag="998"><subfield code="a">ik</subfield><subfield code="a">o</subfield></datafield><datafield ind1=" " ind2=" " tag="999"><subfield code="a">as</subfield><subfield code="b">zb</subfield><subfield code="b">ae</subfield></datafield></record>