</MetadataObject><PersonObject OrderIndex="40" PartyRelation="CREATOR"><PartyName>John Pinkerton</PartyName><Identifiers><Identifier>1000021615319</Identifier><Scope>TEL</Scope></Identifiers><Identifiers><Identifier>1000020880120</Identifier><Scope>TEL</Scope></Identifiers><Identifiers><Identifier>3000004193390</Identifier><Scope>TEL</Scope></Identifiers><Identifiers><Identifier>2000074622835</Identifier><Scope>TEL</Scope></Identifiers><Identifiers><Identifier>1000005015995</Identifier><Scope>TEL</Scope></Identifiers><Identifiers><Identifier>3000003473743</Identifier><Scope>TEL</Scope></Identifiers><Identifiers><Identifier>1000014304741</Identifier><Scope>TEL</Scope></Identifiers><Identifiers><Identifier>1000010655980</Identifier><Scope>TEL</Scope></Identifiers><Identifiers><Identifier>1000011075362</Identifier><Scope>TEL</Scope></Identifiers><LifePeriod><Start><Time>-6690038400000</Time><Granularity>YEAR</Granularity><Uncertain>false</Uncertain></Start><End><Time>-4544208000000</Time><Granularity>YEAR</Granularity><Uncertain>false</Uncertain></End></LifePeriod><FirstNames>John</FirstNames><Surname>Pinkerton</Surname></PersonObject><LinkObject FieldSource="TEL" LinkTarget="CATALOGUE_RECORD" OrderIndex="50"><Url>http://alpha.bn.org.pl/record=b1152181*pol</Url><LinkStatus>NOT_CHECKED</LinkStatus></LinkObject></MetadataRecord>
<MetadataRecord xmlns="http://theeuropeanlibrary.org/internal_object_model" ID="2000048755885"><BibliographicLevelObject OrderIndex="39">MONOGRAPH</BibliographicLevelObject><CatalogingFormObject OrderIndex="38">ISBD</CatalogingFormObject><TitleObject OrderIndex="42" TitleType="MAIN"><Title>De la proportion d'eau et de ligneux contenue dans le ble et dans ses principaux produits</Title></TitleObject><IdentifierObject IdentifierType="LOCAL_IDENTIFIER" OrderIndex="30"><Identifier>b11522689</Identifier></IdentifierObject><IdentifierObject IdentifierType="OAIPMH" OrderIndex="32"><Identifier>urn:theeuropeanlibrary.org:a0232:b11522689</Identifier></IdentifierObject><IdentifierObject IdentifierType="LOCAL_IDENTIFIER" OrderIndex="41"><Identifier>b11522689</Identifier><Scope>a0232</Scope></IdentifierObject><IdentifierObject ContextLevel="RECORD" FieldSource="TEL" OrderIndex="59" SpatialIdentifierType="TEL"><Identifier>1000006075737</Identifier><Scope>TEL</Scope></IdentifierObject><IllustrationsObject OrderIndex="37">NO_ILLUSTRATIONS</IllustrationsObject><SpatialEntityObject OrderIndex="48" SpatialRelation="PUBLICATION"><Identifiers><Identifier>FR</Identifier><Scope>ISO3166</Scope></Identifiers></SpatialEntityObject><NamedPlaceObject OrderIndex="46" SpatialRelation="PUBLICATION"><Identifiers><Identifier>1000006075737</Identifier><Scope>TEL</Scope></Identifiers><PlaceName>Lille</PlaceName></NamedPlaceObject><PrintTypeObject OrderIndex="36">PRINTED</PrintTypeObject><ProvenanceObject OrderIndex="33"><CollectionId>a0232</CollectionId><ProviderId>P01214</ProviderId></ProvenanceObject><StatusObject OrderIndex="29">UPDATED</StatusObject><TextObject OrderIndex="52" TextRelation="EXTENT"><Content>S. [1], 6-36 ;</Content></TextObject><TextObject OrderIndex="53" TextRelation="EXTENT"><Content>22 cm.</Content></TextObject><TextObject NoteType="GENERAL" OrderIndex="54" TextRelation="NOTE"><Content>Extr.: Mémoires de la Société des sciences de Lille.</Content></TextObject><TextObject NoteType="GENERAL" OrderIndex="55" TextRelation="NOTE"><Content>Opis wg nagł.</Content></TextObject><TextObject NoteType="EXTERNAL_INDEXES" OrderIndex="56" TextRelation="NOTE"><Content>CG. t. 115 szp. 374.</Content></TextObject><TextObject NoteType="EXTERNAL_INDEXES" OrderIndex="57" TextRelation="NOTE"><Content>NUC Pre-1956. vol. 384 s. 675.</Content></TextObject><OrganizationObject OrderIndex="47" PartyRelation="PUBLISHER"><PartyName>s. n.</PartyName></OrganizationObject><LanguageObject LanguageRelation="LANGUAGE_OF_CONTENT" OrderIndex="45">FRE</LanguageObject><ResourceTypeObject OrderIndex="35">TEXT</ResourceTypeObject><TopicObject OrderIndex="49"><GeneralSubdivision>chemia</GeneralSubdivision><TopicName>Mąka</TopicName></TopicObject><TopicObject OrderIndex="50"><GeneralSubdivision>surowce</GeneralSubdivision><TopicName>Pieczywo</TopicName></TopicObject><TopicObject OrderIndex="51"><GeneralSubdivision>biochemia</GeneralSubdivision><TopicName>Zboże</TopicName></TopicObject><AudienceObject OrderIndex="40">UNKNOW</AudienceObject><InstantObject OrderIndex="31" TemporalRelation="OP_LOADED"><Time>1358943206000</Time><Granularity>SECOND</Granularity><Uncertain>false</Uncertain></InstantObject><InstantObject OrderIndex="44" TemporalRelation="PUBLICATION"><Time>-3818361600000</Time><Granularity>YEAR</Granularity><Uncertain>false</Uncertain></InstantObject><MetadataObject FieldSource="PROVIDER" Format="marc21" OrderIndex="34"><record xmlns="info:lc/xmlns/marcxchange-v1"><leader>00930nam a2200277 i 4500</leader><controlfield tag="001">b11522689</controlfield><controlfield tag="008">981002s1849    fr           |000 0 fre  </controlfield><datafield ind1=" " ind2=" " tag="040"><subfield code="a">WA N</subfield><subfield code="c">WA N</subfield></datafield><datafield ind1="1" ind2=" " tag="100"><subfield code="a">Millon, Eugène Auguste Nicolas</subfield><subfield code="d">(1812-1867).</subfield></datafield><datafield ind1="1" ind2="0" tag="245"><subfield code="a">De la proportion d'eau et de ligneux contenue dans le ble et dans ses principaux produits /</subfield><subfield code="c">par m. E. Millon.</subfield></datafield><datafield ind1=" " ind2=" " tag="260"><subfield code="a">[Lille :</subfield><subfield code="b">s. n.,</subfield><subfield code="c">1849].</subfield></datafield><datafield ind1=" " ind2=" " tag="300"><subfield code="a">S. [1], 6-36 ;</subfield><subfield code="c">22 cm.</subfield></datafield><datafield ind1=" " ind2=" " tag="500"><subfield code="a">Extr.: Mémoires de la Société des sciences de Lille.</subfield></datafield><datafield ind1=" " ind2=" " tag="500"><subfield code="a">Opis wg nagł.</subfield></datafield><datafield ind1="4" ind2=" " tag="510"><subfield code="a">CG</subfield><subfield code="c">t. 115 szp. 374.</subfield></datafield><datafield ind1="4" ind2=" " tag="510"><subfield code="a">NUC Pre-1956</subfield><subfield code="c">vol. 384 s. 675.</subfield></datafield><datafield ind1=" " ind2="4" tag="650"><subfield code="a">Mąka</subfield><subfield code="x">chemia</subfield><subfield code="x">badanie</subfield></datafield><datafield ind1=" " ind2="4" tag="650"><subfield code="a">Pieczywo</subfield><subfield code="x">surowce</subfield><subfield code="x">badanie</subfield></datafield><datafield ind1=" " ind2="4" tag="650"><subfield code="a">Zboże</subfield><subfield code="x">biochemia</subfield></datafield><datafield ind1=" " ind2=" " tag="902"><subfield code="a">121211</subfield><subfield code="c">981005</subfield><subfield code="d">m</subfield><subfield code="e">a</subfield><subfield code="f">-</subfield><subfield code="g">0</subfield></datafield><datafield ind1=" " ind2=" " tag="907"><subfield code="b">bk   </subfield><subfield code="c">-</subfield></datafield><datafield ind1=" " ind2=" " tag="960"><subfield code="a">II 2.029.782</subfield><subfield code="c">bk   </subfield><subfield code="h">Kras. 34056</subfield><subfield code="i">Z 150,00</subfield><subfield code="l">-</subfield><subfield code="o">1</subfield></datafield><datafield ind1=" " ind2=" " tag="996"><subfield code="a">.b11522689</subfield></datafield><datafield ind1=" " ind2=" " tag="998"><subfield code="a">ik</subfield><subfield code="a">o</subfield></datafield><datafield ind1=" " ind2=" " tag="999"><subfield code="a">mt</subfield><subfield code="b">as</subfield><subfield code="b">ae</subfield></datafield><datafield ind1=" " ind2=" " tag="999"><subfield code="a">alma</subfield></datafield></record>