</MetadataObject><PersonObject OrderIndex="43" PartyRelation="CREATOR"><PartyName>Eugène Auguste Nicolas Millon</PartyName><LifePeriod><Start><Time>-4986057600000</Time><Granularity>YEAR</Granularity><Uncertain>false</Uncertain></Start><End><Time>-3250368000000</Time><Granularity>YEAR</Granularity><Uncertain>false</Uncertain></End></LifePeriod><FirstNames>Eugène Auguste Nicolas</FirstNames><Surname>Millon</Surname></PersonObject><LinkObject FieldSource="TEL" LinkTarget="CATALOGUE_RECORD" OrderIndex="58"><Url>http://alpha.bn.org.pl/record=b1152268*pol</Url><LinkStatus>NOT_CHECKED</LinkStatus></LinkObject></MetadataRecord>
<MetadataRecord xmlns="http://theeuropeanlibrary.org/internal_object_model" ID="2000048755873"><BibliographicLevelObject OrderIndex="37">MONOGRAPH</BibliographicLevelObject><CatalogingFormObject OrderIndex="36">ISBD</CatalogingFormObject><TitleObject OrderIndex="40" TitleType="MAIN"><Title>Die Idee des ewigen Friedens</Title></TitleObject><IdentifierObject IdentifierType="LOCAL_IDENTIFIER" OrderIndex="28"><Identifier>b11522562</Identifier></IdentifierObject><IdentifierObject IdentifierType="OAIPMH" OrderIndex="30"><Identifier>urn:theeuropeanlibrary.org:a0232:b11522562</Identifier></IdentifierObject><IdentifierObject IdentifierType="LOCAL_IDENTIFIER" OrderIndex="39"><Identifier>b11522562</Identifier><Scope>a0232</Scope></IdentifierObject><IdentifierObject ContextLevel="RECORD" FieldSource="TEL" OrderIndex="55" PartyIdentifierType="TEL"><Identifier>1000020818456</Identifier><Scope>TEL</Scope></IdentifierObject><IdentifierObject ContextLevel="RECORD" FieldSource="TEL" OrderIndex="56" PartyIdentifierType="TEL"><Identifier>2000072112031</Identifier><Scope>TEL</Scope></IdentifierObject><IdentifierObject ContextLevel="RECORD" FieldSource="TEL" OrderIndex="57" PartyIdentifierType="TEL"><Identifier>1000017231206</Identifier><Scope>TEL</Scope></IdentifierObject><IdentifierObject ContextLevel="RECORD" FieldSource="TEL" OrderIndex="58" PartyIdentifierType="TEL"><Identifier>2000077384978</Identifier><Scope>TEL</Scope></IdentifierObject><IdentifierObject ContextLevel="RECORD" FieldSource="TEL" OrderIndex="59" PartyIdentifierType="TEL"><Identifier>1000022043287</Identifier><Scope>TEL</Scope></IdentifierObject><IdentifierObject ContextLevel="CONTENT" FieldSource="TEL" OrderIndex="60" PartyIdentifierType="TEL"><Identifier>1000000186331</Identifier><Scope>TEL</Scope></IdentifierObject><IdentifierObject ContextLevel="CONTENT" FieldSource="TEL" OrderIndex="61" PartyIdentifierType="TEL"><Identifier>2000073003947</Identifier><Scope>TEL</Scope></IdentifierObject><IdentifierObject ContextLevel="CONTENT" FieldSource="TEL" OrderIndex="62" PartyIdentifierType="TEL"><Identifier>1000004701319</Identifier><Scope>TEL</Scope></IdentifierObject><IdentifierObject ContextLevel="CONTENT" FieldSource="TEL" OrderIndex="63" PartyIdentifierType="TEL"><Identifier>3000003486228</Identifier><Scope>TEL</Scope></IdentifierObject><IdentifierObject ContextLevel="CONTENT" FieldSource="TEL" OrderIndex="64" PartyIdentifierType="TEL"><Identifier>1000022446652</Identifier><Scope>TEL</Scope></IdentifierObject><IdentifierObject ContextLevel="CONTENT" FieldSource="TEL" OrderIndex="65" PartyIdentifierType="TEL"><Identifier>2000076266905</Identifier><Scope>TEL</Scope></IdentifierObject><IdentifierObject ContextLevel="CONTENT" FieldSource="TEL" OrderIndex="66" PartyIdentifierType="TEL"><Identifier>1000020815570</Identifier><Scope>TEL</Scope></IdentifierObject><IdentifierObject ContextLevel="RECORD" FieldSource="TEL" OrderIndex="67" SpatialIdentifierType="TEL"><Identifier>1000010290086</Identifier><Scope>TEL</Scope></IdentifierObject><IllustrationsObject OrderIndex="35">NO_ILLUSTRATIONS</IllustrationsObject><SpatialEntityObject OrderIndex="46" SpatialRelation="PUBLICATION"><Identifiers><Identifier>DE</Identifier><Scope>ISO3166</Scope></Identifiers></SpatialEntityObject><NamedPlaceObject OrderIndex="44" SpatialRelation="PUBLICATION"><Identifiers><Identifier>1000010290086</Identifier><Scope>TEL</Scope></Identifiers><PlaceName>Berlin</PlaceName></NamedPlaceObject><PrintTypeObject OrderIndex="34">PRINTED</PrintTypeObject><ProvenanceObject OrderIndex="31"><CollectionId>a0232</CollectionId><ProviderId>P01214</ProviderId></ProvenanceObject><StatusObject OrderIndex="27">UPDATED</StatusObject><TextObject OrderIndex="49" TextRelation="EXTENT"><Content>S. [1], 78-86 ;</Content></TextObject><TextObject OrderIndex="50" TextRelation="EXTENT"><Content>24 cm.</Content></TextObject><TextObject NoteType="GENERAL" OrderIndex="51" TextRelation="NOTE"><Content>"Rede zur Gedenkfeier des 3. August 1895 in der Aula der K ̈nigl. Friedrich Wilhelm's Universität zu Berlin".</Content></TextObject><TextObject NoteType="GENERAL" OrderIndex="52" TextRelation="NOTE"><Content>Opis wg nagł.</Content></TextObject><TextObject NoteType="EXTERNAL_INDEXES" OrderIndex="53" TextRelation="NOTE"><Content>NUC Pre-1956. vol. 454 s. 396.</Content></TextObject><OrganizationObject OrderIndex="45" PartyRelation="PUBLISHER"><PartyName>s. n.</PartyName></OrganizationObject><LanguageObject LanguageRelation="LANGUAGE_OF_CONTENT" OrderIndex="43">GER</LanguageObject><ResourceTypeObject OrderIndex="33">TEXT</ResourceTypeObject><TopicObject OrderIndex="48"><GeneralSubdivision>filozofia</GeneralSubdivision><ChronologicalSubdivision><Instant><Time>-61552137600000</Time><Granularity>MONTH</Granularity><Uncertain>false</Uncertain></Instant></ChronologicalSubdivision><TopicName>Pokój</TopicName></TopicObject><AudienceObject OrderIndex="38">UNKNOW</AudienceObject><InstantObject OrderIndex="29" TemporalRelation="OP_LOADED"><Time>1358943203000</Time><Granularity>SECOND</Granularity><Uncertain>false</Uncertain></InstantObject><InstantObject OrderIndex="42" TemporalRelation="PUBLICATION"><Time>-2366755200000</Time><Granularity>YEAR</Granularity><Uncertain>false</Uncertain></InstantObject><MetadataObject FieldSource="PROVIDER" Format="marc21" OrderIndex="32"><record xmlns="info:lc/xmlns/marcxchange-v1"><leader>00850nam a2200241 i 4500</leader><controlfield tag="001">b11522562</controlfield><controlfield tag="008">981002s1895    gw           |000 0 ger  </controlfield><datafield ind1=" " ind2=" " tag="040"><subfield code="a">WA N</subfield><subfield code="c">WA N</subfield></datafield><datafield ind1="1" ind2=" " tag="100"><subfield code="a">Pfleiderer, Otto</subfield><subfield code="d">(1839-1908).</subfield></datafield><datafield ind1="1" ind2="4" tag="245"><subfield code="a">Die Idee des ewigen Friedens /</subfield><subfield code="c">von Otto Pfleiderer.</subfield></datafield><datafield ind1=" " ind2=" " tag="260"><subfield code="a">[Berlin :</subfield><subfield code="b">s. n.,</subfield><subfield code="c">1895].</subfield></datafield><datafield ind1=" " ind2=" " tag="300"><subfield code="a">S. [1], 78-86 ;</subfield><subfield code="c">24 cm.</subfield></datafield><datafield ind1=" " ind2=" " tag="500"><subfield code="a">"Rede zur Gedenkfeier des 3. August 1895 in der Aula der K ̈nigl. Friedrich Wilhelm's Universität zu Berlin".</subfield></datafield><datafield ind1=" " ind2=" " tag="500"><subfield code="a">Opis wg nagł.</subfield></datafield><datafield ind1="4" ind2=" " tag="510"><subfield code="a">NUC Pre-1956</subfield><subfield code="c">vol. 454 s. 396.</subfield></datafield><datafield ind1="1" ind2="4" tag="600"><subfield code="a">Kant, Immanuel</subfield><subfield code="d">(1724-1804).</subfield><subfield code="t">Zum ewigen Frieden</subfield></datafield><datafield ind1=" " ind2="4" tag="650"><subfield code="a">Pokój</subfield><subfield code="x">filozofia</subfield><subfield code="y">18-19 w.</subfield></datafield><datafield ind1=" " ind2=" " tag="902"><subfield code="a">121211</subfield><subfield code="c">981005</subfield><subfield code="d">m</subfield><subfield code="e">a</subfield><subfield code="f">-</subfield><subfield code="g">0</subfield></datafield><datafield ind1=" " ind2=" " tag="907"><subfield code="b">bk   </subfield><subfield code="c">-</subfield></datafield><datafield ind1=" " ind2=" " tag="960"><subfield code="a">II 2.029.895</subfield><subfield code="c">bk   </subfield><subfield code="h">Kras. 46021</subfield><subfield code="i">Z 150,00</subfield><subfield code="l">-</subfield><subfield code="o">1</subfield></datafield><datafield ind1=" " ind2=" " tag="996"><subfield code="a">.b11522562</subfield></datafield><datafield ind1=" " ind2=" " tag="998"><subfield code="a">ik</subfield><subfield code="a">o</subfield></datafield><datafield ind1=" " ind2=" " tag="999"><subfield code="a">as</subfield><subfield code="b">zb</subfield><subfield code="b">ae</subfield></datafield></record>