</MetadataObject><PersonObject OrderIndex="41" PartyRelation="CREATOR"><PartyName>Otto Pfleiderer</PartyName><Identifiers><Identifier>1000022043287</Identifier><Scope>TEL</Scope></Identifiers><Identifiers><Identifier>2000072112031</Identifier><Scope>TEL</Scope></Identifiers><Identifiers><Identifier>2000077384978</Identifier><Scope>TEL</Scope></Identifiers><Identifiers><Identifier>1000017231206</Identifier><Scope>TEL</Scope></Identifiers><Identifiers><Identifier>1000020818456</Identifier><Scope>TEL</Scope></Identifiers><LifePeriod><Start><Time>-4133980800000</Time><Granularity>YEAR</Granularity><Uncertain>false</Uncertain></Start><End><Time>-1956614400000</Time><Granularity>YEAR</Granularity><Uncertain>false</Uncertain></End></LifePeriod><FirstNames>Otto</FirstNames><Surname>Pfleiderer</Surname></PersonObject><PersonObject OrderIndex="47" PartyRelation="SUBJECT"><PartyName>Immanuel Kant</PartyName><Identifiers><Identifier>1000020815570</Identifier><Scope>TEL</Scope></Identifiers><Identifiers><Identifier>1000000186331</Identifier><Scope>TEL</Scope></Identifiers><Identifiers><Identifier>1000004701319</Identifier><Scope>TEL</Scope></Identifiers><Identifiers><Identifier>2000076266905</Identifier><Scope>TEL</Scope></Identifiers><Identifiers><Identifier>3000003486228</Identifier><Scope>TEL</Scope></Identifiers><Identifiers><Identifier>1000022446652</Identifier><Scope>TEL</Scope></Identifiers><Identifiers><Identifier>2000073003947</Identifier><Scope>TEL</Scope></Identifiers><LifePeriod><Start><Time>-7763040000000</Time><Granularity>YEAR</Granularity><Uncertain>false</Uncertain></Start><End><Time>-5238518400000</Time><Granularity>YEAR</Granularity><Uncertain>false</Uncertain></End></LifePeriod><FirstNames>Immanuel</FirstNames><Surname>Kant</Surname></PersonObject><LinkObject FieldSource="TEL" LinkTarget="CATALOGUE_RECORD" OrderIndex="54"><Url>http://alpha.bn.org.pl/record=b1152256*pol</Url><LinkStatus>NOT_CHECKED</LinkStatus></LinkObject></MetadataRecord>
<MetadataRecord xmlns="http://theeuropeanlibrary.org/internal_object_model" ID="2000048755892"><BibliographicLevelObject OrderIndex="35">MONOGRAPH</BibliographicLevelObject><CatalogingFormObject OrderIndex="34">ISBD</CatalogingFormObject><TitleObject OrderIndex="38" TitleType="MAIN"><Title>Ueber den Luxus</Title></TitleObject><IdentifierObject IdentifierType="LOCAL_IDENTIFIER" OrderIndex="26"><Identifier>b11522756</Identifier></IdentifierObject><IdentifierObject IdentifierType="OAIPMH" OrderIndex="28"><Identifier>urn:theeuropeanlibrary.org:a0232:b11522756</Identifier></IdentifierObject><IdentifierObject IdentifierType="LOCAL_IDENTIFIER" OrderIndex="37"><Identifier>b11522756</Identifier><Scope>a0232</Scope></IdentifierObject><IdentifierObject ContextLevel="RECORD" FieldSource="TEL" OrderIndex="51" PartyIdentifierType="TEL"><Identifier>2000072080736</Identifier><Scope>TEL</Scope></IdentifierObject><IdentifierObject ContextLevel="RECORD" FieldSource="TEL" OrderIndex="52" PartyIdentifierType="TEL"><Identifier>1000020935463</Identifier><Scope>TEL</Scope></IdentifierObject><IdentifierObject ContextLevel="RECORD" FieldSource="TEL" OrderIndex="53" PartyIdentifierType="TEL"><Identifier>2000073209192</Identifier><Scope>TEL</Scope></IdentifierObject><IdentifierObject ContextLevel="RECORD" FieldSource="TEL" OrderIndex="54" SpatialIdentifierType="TEL"><Identifier>1000005938733</Identifier><Scope>TEL</Scope></IdentifierObject><IdentifierObject ContextLevel="RECORD" FieldSource="TEL" OrderIndex="55" SpatialIdentifierType="TEL"><Identifier>1000005837350</Identifier><Scope>TEL</Scope></IdentifierObject><IllustrationsObject OrderIndex="33">NO_ILLUSTRATIONS</IllustrationsObject><SpatialEntityObject OrderIndex="45" SpatialRelation="PUBLICATION"><Identifiers><Identifier>DE</Identifier><Scope>ISO3166</Scope></Identifiers></SpatialEntityObject><NamedPlaceObject OrderIndex="42" SpatialRelation="PUBLICATION"><Identifiers><Identifier>1000005938733</Identifier><Scope>TEL</Scope></Identifiers><PlaceName>Erlangen ;</PlaceName></NamedPlaceObject><NamedPlaceObject OrderIndex="43" SpatialRelation="PUBLICATION"><Identifiers><Identifier>1000005837350</Identifier><Scope>TEL</Scope></Identifiers><PlaceName>Leipzig</PlaceName></NamedPlaceObject><PrintTypeObject OrderIndex="32">PRINTED</PrintTypeObject><ProvenanceObject OrderIndex="29"><CollectionId>a0232</CollectionId><ProviderId>P01214</ProviderId></ProvenanceObject><StatusObject OrderIndex="25">UPDATED</StatusObject><TextObject OrderIndex="47" TextRelation="EXTENT"><Content>44, [1] s. ;</Content></TextObject><TextObject OrderIndex="48" TextRelation="EXTENT"><Content>23 cm.</Content></TextObject><TextObject NoteType="EXTERNAL_INDEXES" OrderIndex="49" TextRelation="NOTE"><Content>NUC Pre-1956. vol. 482 s. 197.</Content></TextObject><OrganizationObject OrderIndex="44" PartyRelation="PUBLISHER"><PartyName>K. Heyder</PartyName></OrganizationObject><LanguageObject LanguageRelation="LANGUAGE_OF_CONTENT" OrderIndex="41">GER</LanguageObject><ResourceTypeObject OrderIndex="31">TEXT</ResourceTypeObject><TopicObject OrderIndex="46"><TopicName>Jakość życia</TopicName></TopicObject><AudienceObject OrderIndex="36">UNKNOW</AudienceObject><InstantObject OrderIndex="27" TemporalRelation="OP_LOADED"><Time>1358943203000</Time><Granularity>SECOND</Granularity><Uncertain>false</Uncertain></InstantObject><InstantObject OrderIndex="40" TemporalRelation="PUBLICATION"><Time>-4828204800000</Time><Granularity>YEAR</Granularity><Uncertain>false</Uncertain></InstantObject><MetadataObject FieldSource="PROVIDER" Format="marc21" OrderIndex="30"><record xmlns="info:lc/xmlns/marcxchange-v1"><leader>00604nam a2200205 i 4500</leader><controlfield tag="001">b11522756</controlfield><controlfield tag="008">981002s1817    gw           |000 0 ger  </controlfield><datafield ind1=" " ind2=" " tag="040"><subfield code="a">WA N</subfield><subfield code="c">WA N</subfield></datafield><datafield ind1="1" ind2=" " tag="100"><subfield code="a">Rau, Karl Heinrich.</subfield></datafield><datafield ind1="1" ind2="0" tag="245"><subfield code="a">Ueber den Luxus /</subfield><subfield code="c">von Karl Heinrich Rau.</subfield></datafield><datafield ind1=" " ind2=" " tag="260"><subfield code="a">Erlangen ;</subfield><subfield code="a">Leipzig :</subfield><subfield code="b">K. Heyder,</subfield><subfield code="c">1817.</subfield></datafield><datafield ind1=" " ind2=" " tag="300"><subfield code="a">44, [1] s. ;</subfield><subfield code="c">23 cm.</subfield></datafield><datafield ind1="4" ind2=" " tag="510"><subfield code="a">NUC Pre-1956</subfield><subfield code="c">vol. 482 s. 197.</subfield></datafield><datafield ind1=" " ind2="4" tag="650"><subfield code="a">Jakość życia</subfield></datafield><datafield ind1=" " ind2=" " tag="902"><subfield code="a">121211</subfield><subfield code="c">981005</subfield><subfield code="d">m</subfield><subfield code="e">a</subfield><subfield code="f">-</subfield><subfield code="g">0</subfield></datafield><datafield ind1=" " ind2=" " tag="907"><subfield code="b">bk   </subfield><subfield code="c">-</subfield></datafield><datafield ind1=" " ind2=" " tag="960"><subfield code="a">II 2.029.898</subfield><subfield code="c">bk   </subfield><subfield code="h">Kras. 67082</subfield><subfield code="i">Z 150,00</subfield><subfield code="l">-</subfield><subfield code="o">1</subfield></datafield><datafield ind1=" " ind2=" " tag="996"><subfield code="a">.b11522756</subfield></datafield><datafield ind1=" " ind2=" " tag="998"><subfield code="a">ik</subfield><subfield code="a">o</subfield></datafield><datafield ind1=" " ind2=" " tag="999"><subfield code="a">jk</subfield><subfield code="b">as</subfield><subfield code="b">ae</subfield></datafield></record>