</MetadataObject><PersonObject OrderIndex="39" PartyRelation="CREATOR"><PartyName>Karl Heinrich. Rau</PartyName><Identifiers><Identifier>2000073209192</Identifier><Scope>TEL</Scope></Identifiers><Identifiers><Identifier>2000072080736</Identifier><Scope>TEL</Scope></Identifiers><Identifiers><Identifier>1000020935463</Identifier><Scope>TEL</Scope></Identifiers><FirstNames>Karl Heinrich.</FirstNames><Surname>Rau</Surname></PersonObject><LinkObject FieldSource="TEL" LinkTarget="CATALOGUE_RECORD" OrderIndex="50"><Url>http://alpha.bn.org.pl/record=b1152275*pol</Url><LinkStatus>NOT_CHECKED</LinkStatus></LinkObject></MetadataRecord>
<MetadataRecord xmlns="http://theeuropeanlibrary.org/internal_object_model" ID="2000048755851"><BibliographicLevelObject OrderIndex="35">MONOGRAPH</BibliographicLevelObject><CatalogingFormObject OrderIndex="34">ISBD</CatalogingFormObject><TitleObject OrderIndex="38" TitleType="MAIN"><Title>Kursy sadovodstva i ich vlìjanìe na razvitìe sadov</Title></TitleObject><IdentifierObject IdentifierType="LOCAL_IDENTIFIER" OrderIndex="26"><Identifier>b11522343</Identifier></IdentifierObject><IdentifierObject IdentifierType="OAIPMH" OrderIndex="28"><Identifier>urn:theeuropeanlibrary.org:a0232:b11522343</Identifier></IdentifierObject><IdentifierObject IdentifierType="LOCAL_IDENTIFIER" OrderIndex="37"><Identifier>b11522343</Identifier><Scope>a0232</Scope></IdentifierObject><IdentifierObject ContextLevel="RECORD" FieldSource="TEL" OrderIndex="51" SpatialIdentifierType="TEL"><Identifier>1000001472199</Identifier><Scope>TEL</Scope></IdentifierObject><IllustrationsObject OrderIndex="33">NO_ILLUSTRATIONS</IllustrationsObject><SpatialEntityObject OrderIndex="44" SpatialRelation="PUBLICATION"><Identifiers><Identifier>UA</Identifier><Scope>ISO3166</Scope></Identifiers></SpatialEntityObject><NamedPlaceObject OrderIndex="42" SpatialRelation="PUBLICATION"><Identifiers><Identifier>1000001472199</Identifier><Scope>TEL</Scope></Identifiers><PlaceName>Odessa</PlaceName></NamedPlaceObject><PrintTypeObject OrderIndex="32">PRINTED</PrintTypeObject><ProvenanceObject OrderIndex="29"><CollectionId>a0232</CollectionId><ProviderId>P01214</ProviderId></ProvenanceObject><StatusObject OrderIndex="25">UPDATED</StatusObject><TextObject OrderIndex="46" TextRelation="EXTENT"><Content>12 s. ;</Content></TextObject><TextObject OrderIndex="47" TextRelation="EXTENT"><Content>24 cm.</Content></TextObject><TextObject NoteType="GENERAL" OrderIndex="48" TextRelation="NOTE"><Content>(Iz "Otčeta i Trudov Odesskago Otděla Imperatorskago Rossìjskago Obščestva Sadovodstva za 1892 god").</Content></TextObject><TextObject NoteType="GENERAL" OrderIndex="49" TextRelation="NOTE"><Content>Opis wg okł.</Content></TextObject><OrganizationObject OrderIndex="43" PartyRelation="PUBLISHER"><PartyName>s. n.</PartyName></OrganizationObject><LanguageObject LanguageRelation="LANGUAGE_OF_CONTENT" OrderIndex="41">RUS</LanguageObject><ResourceTypeObject OrderIndex="31">TEXT</ResourceTypeObject><TopicObject OrderIndex="45"><GeneralSubdivision>szkolenie</GeneralSubdivision><TopicName>Sadownictwo</TopicName></TopicObject><AudienceObject OrderIndex="36">UNKNOW</AudienceObject><InstantObject OrderIndex="27" TemporalRelation="OP_LOADED"><Time>1358942912000</Time><Granularity>SECOND</Granularity><Uncertain>false</Uncertain></InstantObject><InstantObject OrderIndex="40" TemporalRelation="PUBLICATION"><Time>-2429827200000</Time><Granularity>YEAR</Granularity><Uncertain>false</Uncertain></InstantObject><MetadataObject FieldSource="PROVIDER" Format="marc21" OrderIndex="30"><record xmlns="info:lc/xmlns/marcxchange-v1"><leader>00773nam a2200229 i 4500</leader><controlfield tag="001">b11522343</controlfield><controlfield tag="008">981002s1893    un           |000 0 rus  </controlfield><datafield ind1=" " ind2=" " tag="040"><subfield code="a">WA N</subfield><subfield code="c">WA N</subfield></datafield><datafield ind1="1" ind2=" " tag="100"><subfield code="a">Paržih, V. Â.</subfield></datafield><datafield ind1="1" ind2="0" tag="245"><subfield code="a">Kursy sadovodstva i ich vlìjanìe na razvitìe sadov /</subfield><subfield code="c">V. Ja. Paržicha.</subfield></datafield><datafield ind1=" " ind2=" " tag="260"><subfield code="a">Odessa :</subfield><subfield code="b">[s. n.],</subfield><subfield code="c">1893</subfield><subfield code="e">([Odessa] :</subfield><subfield code="f">A. Šul'ce).</subfield></datafield><datafield ind1=" " ind2=" " tag="300"><subfield code="a">12 s. ;</subfield><subfield code="c">24 cm.</subfield></datafield><datafield ind1=" " ind2=" " tag="500"><subfield code="a">(Iz "Otčeta i Trudov Odesskago Otděla Imperatorskago Rossìjskago Obščestva Sadovodstva za 1892 god").</subfield></datafield><datafield ind1=" " ind2=" " tag="500"><subfield code="a">Opis wg okł.</subfield></datafield><datafield ind1=" " ind2="4" tag="650"><subfield code="a">Sadownictwo</subfield><subfield code="x">szkolenie</subfield></datafield><datafield ind1=" " ind2=" " tag="902"><subfield code="a">121211</subfield><subfield code="c">981005</subfield><subfield code="d">m</subfield><subfield code="e">a</subfield><subfield code="f">-</subfield><subfield code="g">0</subfield></datafield><datafield ind1=" " ind2=" " tag="907"><subfield code="b">bk   </subfield><subfield code="c">-</subfield></datafield><datafield ind1=" " ind2=" " tag="960"><subfield code="a">II 2.029.755</subfield><subfield code="c">bk   </subfield><subfield code="h">Kras. 35370</subfield><subfield code="i">Z 150,00</subfield><subfield code="l">-</subfield><subfield code="o">1</subfield></datafield><datafield ind1=" " ind2=" " tag="996"><subfield code="a">.b11522343</subfield></datafield><datafield ind1=" " ind2=" " tag="998"><subfield code="a">ik</subfield><subfield code="a">o</subfield></datafield><datafield ind1=" " ind2=" " tag="999"><subfield code="a">as</subfield><subfield code="b">zb</subfield><subfield code="b">ae</subfield></datafield><datafield ind1=" " ind2=" " tag="999"><subfield code="a">hepi</subfield></datafield></record>