</MetadataObject><PersonObject OrderIndex="39" PartyRelation="CREATOR"><PartyName>V. Â. Paržih</PartyName><FirstNames>V. Â.</FirstNames><Surname>Paržih</Surname></PersonObject><LinkObject FieldSource="TEL" LinkTarget="CATALOGUE_RECORD" OrderIndex="50"><Url>http://alpha.bn.org.pl/record=b1152234*pol</Url><LinkStatus>NOT_CHECKED</LinkStatus></LinkObject></MetadataRecord>
<MetadataRecord xmlns="http://theeuropeanlibrary.org/internal_object_model" ID="2000048755870"><BibliographicLevelObject OrderIndex="36">MONOGRAPH</BibliographicLevelObject><CatalogingFormObject OrderIndex="35">ISBD</CatalogingFormObject><TitleObject OrderIndex="39" TitleType="MAIN"><Title>Dosage de l'humus et de la potasse dans les terres</Title></TitleObject><IdentifierObject IdentifierType="LOCAL_IDENTIFIER" OrderIndex="27"><Identifier>b11522537</Identifier></IdentifierObject><IdentifierObject IdentifierType="OAIPMH" OrderIndex="29"><Identifier>urn:theeuropeanlibrary.org:a0232:b11522537</Identifier></IdentifierObject><IdentifierObject IdentifierType="LOCAL_IDENTIFIER" OrderIndex="38"><Identifier>b11522537</Identifier><Scope>a0232</Scope></IdentifierObject><IdentifierObject ContextLevel="RECORD" FieldSource="TEL" OrderIndex="53" PartyIdentifierType="TEL"><Identifier>3000002637628</Identifier><Scope>TEL</Scope></IdentifierObject><IdentifierObject ContextLevel="RECORD" FieldSource="TEL" OrderIndex="54" PartyIdentifierType="TEL"><Identifier>1000000044134</Identifier><Scope>TEL</Scope></IdentifierObject><IdentifierObject ContextLevel="RECORD" FieldSource="TEL" OrderIndex="55" PartyIdentifierType="TEL"><Identifier>1000022388754</Identifier><Scope>TEL</Scope></IdentifierObject><IdentifierObject ContextLevel="RECORD" FieldSource="TEL" OrderIndex="56" PartyIdentifierType="TEL"><Identifier>1000000558677</Identifier><Scope>TEL</Scope></IdentifierObject><IdentifierObject ContextLevel="RECORD" FieldSource="TEL" OrderIndex="57" SpatialIdentifierType="TEL"><Identifier>1000006061661</Identifier><Scope>TEL</Scope></IdentifierObject><IllustrationsObject OrderIndex="34">NO_ILLUSTRATIONS</IllustrationsObject><SpatialEntityObject OrderIndex="45" SpatialRelation="PUBLICATION"><Identifiers><Identifier>FR</Identifier><Scope>ISO3166</Scope></Identifiers></SpatialEntityObject><NamedPlaceObject OrderIndex="43" SpatialRelation="PUBLICATION"><Identifiers><Identifier>1000006061661</Identifier><Scope>TEL</Scope></Identifiers><PlaceName>Nancy</PlaceName></NamedPlaceObject><PrintTypeObject OrderIndex="33">PRINTED</PrintTypeObject><ProvenanceObject OrderIndex="30"><CollectionId>a0232</CollectionId><ProviderId>P01214</ProviderId></ProvenanceObject><StatusObject OrderIndex="26">UPDATED</StatusObject><TextObject OrderIndex="48" TextRelation="EXTENT"><Content>15 s. ;</Content></TextObject><TextObject OrderIndex="49" TextRelation="EXTENT"><Content>25 cm.</Content></TextObject><TextObject NoteType="GENERAL" OrderIndex="50" TextRelation="NOTE"><Content>(Extr. des Annales de la Science agronomique française et étrangère, t. 1 1890).</Content></TextObject><TextObject NoteType="EXTERNAL_INDEXES" OrderIndex="51" TextRelation="NOTE"><Content>NUC Pre-1956. vol. 482 s. 267.</Content></TextObject><OrganizationObject OrderIndex="44" PartyRelation="PUBLISHER"><PartyName>Berger-Levrault</PartyName><Identifiers><Identifier>3000002637628</Identifier><Scope>TEL</Scope></Identifiers><Identifiers><Identifier>1000022388754</Identifier><Scope>TEL</Scope></Identifiers></OrganizationObject><LanguageObject LanguageRelation="LANGUAGE_OF_CONTENT" OrderIndex="42">FRE</LanguageObject><ResourceTypeObject OrderIndex="32">TEXT</ResourceTypeObject><TopicObject OrderIndex="46"><GeneralSubdivision>stosowanie</GeneralSubdivision><TopicName>Nawozy potasowe</TopicName></TopicObject><TopicObject OrderIndex="47"><GeneralSubdivision>stosowanie</GeneralSubdivision><TopicName>Nawozy humusowe</TopicName></TopicObject><AudienceObject OrderIndex="37">UNKNOW</AudienceObject><InstantObject OrderIndex="28" TemporalRelation="OP_LOADED"><Time>1358943203000</Time><Granularity>SECOND</Granularity><Uncertain>false</Uncertain></InstantObject><InstantObject OrderIndex="41" TemporalRelation="PUBLICATION"><Time>-2524521600000</Time><Granularity>YEAR</Granularity><Uncertain>false</Uncertain></InstantObject><MetadataObject FieldSource="PROVIDER" Format="marc21" OrderIndex="31"><record xmlns="info:lc/xmlns/marcxchange-v1"><leader>00769nam a2200229 i 4500</leader><controlfield tag="001">b11522537</controlfield><controlfield tag="008">981002s1890    fr           |000 0 fre  </controlfield><datafield ind1=" " ind2=" " tag="040"><subfield code="a">WA N</subfield><subfield code="c">WA N</subfield></datafield><datafield ind1="1" ind2=" " tag="100"><subfield code="a">Raulin, Jules.</subfield></datafield><datafield ind1="1" ind2="0" tag="245"><subfield code="a">Dosage de l'humus et de la potasse dans les terres /</subfield><subfield code="c">par J. Raulin.</subfield></datafield><datafield ind1=" " ind2=" " tag="260"><subfield code="a">Nancy :</subfield><subfield code="b">Berger-Levrault,</subfield><subfield code="c">1890.</subfield></datafield><datafield ind1=" " ind2=" " tag="300"><subfield code="a">15 s. ;</subfield><subfield code="c">25 cm.</subfield></datafield><datafield ind1=" " ind2=" " tag="500"><subfield code="a">(Extr. des Annales de la Science agronomique française et étrangère, t. 1 1890).</subfield></datafield><datafield ind1="4" ind2=" " tag="510"><subfield code="a">NUC Pre-1956</subfield><subfield code="c">vol. 482 s. 267.</subfield></datafield><datafield ind1=" " ind2="4" tag="650"><subfield code="a">Nawozy potasowe</subfield><subfield code="x">stosowanie</subfield></datafield><datafield ind1=" " ind2="4" tag="650"><subfield code="a">Nawozy humusowe</subfield><subfield code="x">stosowanie</subfield></datafield><datafield ind1=" " ind2=" " tag="902"><subfield code="a">121211</subfield><subfield code="c">981005</subfield><subfield code="d">m</subfield><subfield code="e">a</subfield><subfield code="f">-</subfield><subfield code="g">0</subfield></datafield><datafield ind1=" " ind2=" " tag="907"><subfield code="b">bk   </subfield><subfield code="c">-</subfield></datafield><datafield ind1=" " ind2=" " tag="960"><subfield code="a">II 2.029.892</subfield><subfield code="c">bk   </subfield><subfield code="h">Kras. 33299</subfield><subfield code="i">Z 150,00</subfield><subfield code="l">-</subfield><subfield code="o">1</subfield></datafield><datafield ind1=" " ind2=" " tag="996"><subfield code="a">.b11522537</subfield></datafield><datafield ind1=" " ind2=" " tag="998"><subfield code="a">ik</subfield><subfield code="a">o</subfield></datafield><datafield ind1=" " ind2=" " tag="999"><subfield code="a">jk</subfield><subfield code="b">as</subfield><subfield code="b">ae</subfield></datafield></record>