</MetadataObject><PersonObject OrderIndex="40" PartyRelation="CREATOR"><PartyName>Jules. Raulin</PartyName><Identifiers><Identifier>1000000558677</Identifier><Scope>TEL</Scope></Identifiers><Identifiers><Identifier>1000000044134</Identifier><Scope>TEL</Scope></Identifiers><FirstNames>Jules.</FirstNames><Surname>Raulin</Surname></PersonObject><LinkObject FieldSource="TEL" LinkTarget="CATALOGUE_RECORD" OrderIndex="52"><Url>http://alpha.bn.org.pl/record=b1152253*pol</Url><LinkStatus>NOT_CHECKED</LinkStatus></LinkObject></MetadataRecord>
<MetadataRecord xmlns="http://theeuropeanlibrary.org/internal_object_model" ID="2000048755860"><BibliographicLevelObject OrderIndex="37">MONOGRAPH</BibliographicLevelObject><CatalogingFormObject OrderIndex="36">ISBD</CatalogingFormObject><TitleObject OrderIndex="41" TitleType="MAIN"><Title>6 sierpnia 1914 r</Title><SubTitle>dzień przełamania niewoli ducha narodowego</SubTitle></TitleObject><TitleObject OrderIndex="42" TitleType="ALTERNATIVE"><Title>Szóstego sierpnia 1914 r</Title></TitleObject><IdentifierObject IdentifierType="LOCAL_IDENTIFIER" OrderIndex="28"><Identifier>b11522434</Identifier></IdentifierObject><IdentifierObject IdentifierType="OAIPMH" OrderIndex="30"><Identifier>urn:theeuropeanlibrary.org:a0232:b11522434</Identifier></IdentifierObject><IdentifierObject IdentifierType="LOCAL_IDENTIFIER" OrderIndex="39"><Identifier>b11522434</Identifier><Scope>a0232</Scope></IdentifierObject><IdentifierObject ContextLevel="RECORD" FieldSource="TEL" OrderIndex="55" SpatialIdentifierType="TEL"><Identifier>1000001587202</Identifier><Scope>TEL</Scope></IdentifierObject><IllustrationsObject OrderIndex="35">NO_ILLUSTRATIONS</IllustrationsObject><SpatialEntityObject OrderIndex="48" SpatialRelation="PUBLICATION"><Identifiers><Identifier>PL</Identifier><Scope>ISO3166</Scope></Identifiers></SpatialEntityObject><NamedPlaceObject OrderIndex="46" SpatialRelation="PUBLICATION"><Identifiers><Identifier>1000001587202</Identifier><Scope>TEL</Scope></Identifiers><PlaceName>Warszawa</PlaceName></NamedPlaceObject><NamedPlaceObject OrderIndex="50" SpatialRelation="SUBJECT"><PlaceName>Polska</PlaceName><Subject><ChronologicalSubdivision><Instant><Time>-1720051200000</Time><Granularity>MONTH</Granularity><Uncertain>false</Uncertain></Instant></ChronologicalSubdivision></Subject></NamedPlaceObject><PrintTypeObject OrderIndex="34">PRINTED</PrintTypeObject><ProvenanceObject OrderIndex="31"><CollectionId>a0232</CollectionId><ProviderId>P01214</ProviderId></ProvenanceObject><StatusObject OrderIndex="27">UPDATED</StatusObject><TextObject OrderIndex="40" TextRelation="STATEMENT_OF_RESPONSIBILITY"><Content>R. C. [krypt.].</Content></TextObject><TextObject OrderIndex="51" TextRelation="EXTENT"><Content>15 s. ;</Content></TextObject><TextObject OrderIndex="52" TextRelation="EXTENT"><Content>22 cm.</Content></TextObject><TextObject NoteType="EXTERNAL_INDEXES" OrderIndex="53" TextRelation="NOTE"><Content>Bibliogr. druków o J. Piłsudskim / St. Konopka. poz. 273.</Content></TextObject><OrganizationObject OrderIndex="47" PartyRelation="PUBLISHER"><PartyName>s. n.</PartyName></OrganizationObject><LanguageObject LanguageRelation="LANGUAGE_OF_CONTENT" OrderIndex="45">POL</LanguageObject><ResourceTypeObject OrderIndex="33">TEXT</ResourceTypeObject><TopicObject OrderIndex="49"><GeographicSubdivision><NamedPlace><PlaceName>Polska</PlaceName></NamedPlace></GeographicSubdivision><TopicName>Wojna 1914-1918 r.</TopicName></TopicObject><AudienceObject OrderIndex="38">UNKNOW</AudienceObject><InstantObject OrderIndex="29" TemporalRelation="OP_LOADED"><Time>1358943206000</Time><Granularity>SECOND</Granularity><Uncertain>false</Uncertain></InstantObject><InstantObject OrderIndex="44" TemporalRelation="PUBLICATION"><Time>-1704153600000</Time><Granularity>YEAR</Granularity><Uncertain>false</Uncertain></InstantObject><MetadataObject FieldSource="PROVIDER" Format="marc21" OrderIndex="32"><record xmlns="info:lc/xmlns/marcxchange-v1"><leader>00915nam a2200265 i 4500</leader><controlfield tag="001">b11522434</controlfield><controlfield tag="008">981002s1916    pl           |000 0 pol  </controlfield><datafield ind1=" " ind2=" " tag="040"><subfield code="a">WA N</subfield><subfield code="c">WA N</subfield></datafield><datafield ind1="1" ind2=" " tag="100"><subfield code="a">R. C.</subfield></datafield><datafield ind1="1" ind2="0" tag="245"><subfield code="a">6 sierpnia 1914 r. :</subfield><subfield code="b">dzień przełamania niewoli ducha narodowego /</subfield><subfield code="c">R. C. [krypt.].</subfield></datafield><datafield ind1="3" ind2=" " tag="246"><subfield code="a">Szóstego sierpnia 1914 r.</subfield></datafield><datafield ind1=" " ind2=" " tag="260"><subfield code="a">[Warszawa :</subfield><subfield code="b">s. n.],</subfield><subfield code="c">1916</subfield><subfield code="e">([s. l. :</subfield><subfield code="f">s. n.]).</subfield></datafield><datafield ind1=" " ind2=" " tag="300"><subfield code="a">15 s. ;</subfield><subfield code="c">22 cm.</subfield></datafield><datafield ind1="4" ind2=" " tag="510"><subfield code="a">Bibliogr. druków o J. Piłsudskim / St. Konopka</subfield><subfield code="c">poz. 273.</subfield></datafield><datafield ind1=" " ind2="4" tag="650"><subfield code="a">Wojna 1914-1918 r.</subfield><subfield code="z">Polska</subfield></datafield><datafield ind1=" " ind2="4" tag="651"><subfield code="a">Polska</subfield><subfield code="y">1914-1918 r.</subfield></datafield><datafield ind1=" " ind2=" " tag="902"><subfield code="a">121211</subfield><subfield code="c">981005</subfield><subfield code="d">m</subfield><subfield code="e">a</subfield><subfield code="f">-</subfield><subfield code="g">0</subfield></datafield><datafield ind1=" " ind2=" " tag="907"><subfield code="b">bk   </subfield><subfield code="c">-</subfield></datafield><datafield ind1=" " ind2=" " tag="960"><subfield code="a">II 190.782</subfield><subfield code="c">bk   </subfield><subfield code="d">30001004605137</subfield><subfield code="h">1951 d 276/270</subfield><subfield code="i">Z 0,00</subfield><subfield code="l">-</subfield><subfield code="o">1</subfield></datafield><datafield ind1=" " ind2=" " tag="960"><subfield code="a">II 2.029.764</subfield><subfield code="c">bk   </subfield><subfield code="h">Kras. 83223</subfield><subfield code="i">Z 150,00</subfield><subfield code="l">-</subfield><subfield code="o">1</subfield></datafield><datafield ind1=" " ind2=" " tag="960"><subfield code="a">II 822.336 A</subfield><subfield code="c">bk   </subfield><subfield code="h">st. z.</subfield><subfield code="i">Z 0,00</subfield><subfield code="l">-</subfield><subfield code="o">0</subfield></datafield><datafield ind1=" " ind2=" " tag="996"><subfield code="a">.b11522434</subfield></datafield><datafield ind1=" " ind2=" " tag="998"><subfield code="a">ik</subfield><subfield code="a">o</subfield></datafield><datafield ind1=" " ind2=" " tag="999"><subfield code="a">jk</subfield><subfield code="b">as</subfield><subfield code="b">ae</subfield></datafield><datafield ind1=" " ind2=" " tag="999"><subfield code="a">piju</subfield></datafield></record>