</MetadataObject><PersonObject OrderIndex="43" PartyRelation="CREATOR"><PartyName>R. C.</PartyName><FirstNames>R.</FirstNames><Surname>C.</Surname></PersonObject><LinkObject FieldSource="TEL" LinkTarget="CATALOGUE_RECORD" OrderIndex="54"><Url>http://alpha.bn.org.pl/record=b1152243*pol</Url><LinkStatus>NOT_CHECKED</LinkStatus></LinkObject></MetadataRecord>
<MetadataRecord xmlns="http://theeuropeanlibrary.org/internal_object_model" ID="2000048755947"><BibliographicLevelObject OrderIndex="34">MONOGRAPH</BibliographicLevelObject><CatalogingFormObject OrderIndex="33">ISBD</CatalogingFormObject><TitleObject OrderIndex="37" TitleType="MAIN"><Title>Die Seele Lothringens</Title></TitleObject><IdentifierObject IdentifierType="LOCAL_IDENTIFIER" OrderIndex="25"><Identifier>b1152330x</Identifier></IdentifierObject><IdentifierObject IdentifierType="OAIPMH" OrderIndex="27"><Identifier>urn:theeuropeanlibrary.org:a0232:b1152330x</Identifier></IdentifierObject><IdentifierObject IdentifierType="LOCAL_IDENTIFIER" OrderIndex="36"><Identifier>b1152330x</Identifier><Scope>a0232</Scope></IdentifierObject><IdentifierObject ContextLevel="RECORD" FieldSource="TEL" OrderIndex="49" PartyIdentifierType="TEL"><Identifier>2000074213489</Identifier><Scope>TEL</Scope></IdentifierObject><IdentifierObject ContextLevel="RECORD" FieldSource="TEL" OrderIndex="50" PartyIdentifierType="TEL"><Identifier>1000020782310</Identifier><Scope>TEL</Scope></IdentifierObject><IdentifierObject ContextLevel="RECORD" FieldSource="TEL" OrderIndex="51" SpatialIdentifierType="TEL"><Identifier>1000005403328</Identifier><Scope>TEL</Scope></IdentifierObject><IllustrationsObject OrderIndex="32">NO_ILLUSTRATIONS</IllustrationsObject><SpatialEntityObject OrderIndex="43" SpatialRelation="PUBLICATION"><Identifiers><Identifier>CH</Identifier><Scope>ISO3166</Scope></Identifiers></SpatialEntityObject><NamedPlaceObject OrderIndex="41" SpatialRelation="PUBLICATION"><Identifiers><Identifier>1000005403328</Identifier><Scope>TEL</Scope></Identifiers><PlaceName>Bern</PlaceName></NamedPlaceObject><NamedPlaceObject OrderIndex="44" SpatialRelation="SUBJECT"><PlaceName>Lotaryngia (Francja)</PlaceName><Subject><ChronologicalSubdivision><Instant><Time>-2130278400000</Time><Granularity>MONTH</Granularity><Uncertain>false</Uncertain></Instant></ChronologicalSubdivision></Subject></NamedPlaceObject><PrintTypeObject OrderIndex="31">PRINTED</PrintTypeObject><ProvenanceObject OrderIndex="28"><CollectionId>a0232</CollectionId><ProviderId>P01214</ProviderId></ProvenanceObject><StatusObject OrderIndex="24">UPDATED</StatusObject><TextObject OrderIndex="46" TextRelation="EXTENT"><Content>45, [3] s. ;</Content></TextObject><TextObject OrderIndex="47" TextRelation="EXTENT"><Content>22 cm.</Content></TextObject><OrganizationObject OrderIndex="42" PartyRelation="PUBLISHER"><PartyName>F. Wyss</PartyName></OrganizationObject><LanguageObject LanguageRelation="LANGUAGE_OF_CONTENT" OrderIndex="40">GER</LanguageObject><ResourceTypeObject OrderIndex="30">TEXT</ResourceTypeObject><TopicObject OrderIndex="45"><ChronologicalSubdivision><Instant><Time>-1720051200000</Time><Granularity>MONTH</Granularity><Uncertain>false</Uncertain></Instant></ChronologicalSubdivision><TopicName>Publicystyka niemiecka</TopicName></TopicObject><AudienceObject OrderIndex="35">UNKNOW</AudienceObject><InstantObject OrderIndex="26" TemporalRelation="OP_LOADED"><Time>1358943215000</Time><Granularity>SECOND</Granularity><Uncertain>false</Uncertain></InstantObject><InstantObject OrderIndex="39" TemporalRelation="PUBLICATION"><Time>-1640995200000</Time><Granularity>YEAR</Granularity><Uncertain>false</Uncertain></InstantObject><MetadataObject FieldSource="PROVIDER" Format="marc21" OrderIndex="29"><record xmlns="info:lc/xmlns/marcxchange-v1"><leader>00611nam a2200205 i 4500</leader><controlfield tag="001">b1152330x</controlfield><controlfield tag="008">981002s1918    sz           |000 0 ger  </controlfield><datafield ind1=" " ind2=" " tag="040"><subfield code="a">WA N</subfield><subfield code="c">WA N</subfield></datafield><datafield ind1="1" ind2=" " tag="100"><subfield code="a">Rausch, Albert H.</subfield></datafield><datafield ind1="1" ind2="4" tag="245"><subfield code="a">Die Seele Lothringens /</subfield><subfield code="c">Albert H. Rausch.</subfield></datafield><datafield ind1=" " ind2=" " tag="260"><subfield code="a">Bern :</subfield><subfield code="b">F. Wyss,</subfield><subfield code="c">1918.</subfield></datafield><datafield ind1=" " ind2=" " tag="300"><subfield code="a">45, [3] s. ;</subfield><subfield code="c">22 cm.</subfield></datafield><datafield ind1=" " ind2="4" tag="651"><subfield code="a">Lotaryngia (Francja)</subfield><subfield code="y">1901-1918 r.</subfield></datafield><datafield ind1=" " ind2="4" tag="655"><subfield code="a">Publicystyka niemiecka</subfield><subfield code="y">1914-1918 r.</subfield></datafield><datafield ind1=" " ind2=" " tag="902"><subfield code="a">121211</subfield><subfield code="c">981005</subfield><subfield code="d">m</subfield><subfield code="e">a</subfield><subfield code="f">-</subfield><subfield code="g">0</subfield></datafield><datafield ind1=" " ind2=" " tag="907"><subfield code="b">bk   </subfield><subfield code="c">-</subfield></datafield><datafield ind1=" " ind2=" " tag="960"><subfield code="a">II 2.029.925</subfield><subfield code="c">bk   </subfield><subfield code="h">Kras. 94758</subfield><subfield code="i">Z 150,00</subfield><subfield code="l">-</subfield><subfield code="o">1</subfield></datafield><datafield ind1=" " ind2=" " tag="996"><subfield code="a">.b1152330x</subfield></datafield><datafield ind1=" " ind2=" " tag="998"><subfield code="a">ik</subfield><subfield code="a">o</subfield></datafield><datafield ind1=" " ind2=" " tag="999"><subfield code="a">jk</subfield><subfield code="b">as</subfield><subfield code="b">ae</subfield></datafield></record>