</MetadataObject><PersonObject OrderIndex="38" PartyRelation="CREATOR"><PartyName>Albert H. Rausch</PartyName><Identifiers><Identifier>1000020782310</Identifier><Scope>TEL</Scope></Identifiers><Identifiers><Identifier>2000074213489</Identifier><Scope>TEL</Scope></Identifiers><FirstNames>Albert H.</FirstNames><Surname>Rausch</Surname></PersonObject><LinkObject FieldSource="TEL" LinkTarget="CATALOGUE_RECORD" OrderIndex="48"><Url>http://alpha.bn.org.pl/record=b1152330*pol</Url><LinkStatus>NOT_CHECKED</LinkStatus></LinkObject></MetadataRecord>
<MetadataRecord xmlns="http://theeuropeanlibrary.org/internal_object_model" ID="2000048755937"><BibliographicLevelObject OrderIndex="35">MONOGRAPH</BibliographicLevelObject><CatalogingFormObject OrderIndex="34">ISBD</CatalogingFormObject><TitleObject OrderIndex="38" TitleType="MAIN"><Title>O tak zwanem "wrzodliwem zapaleniu gardła" (angina ulcerosa) i jego rozróżnieniu od błonicy</Title></TitleObject><IdentifierObject IdentifierType="LOCAL_IDENTIFIER" OrderIndex="26"><Identifier>b11523207</Identifier></IdentifierObject><IdentifierObject IdentifierType="OAIPMH" OrderIndex="28"><Identifier>urn:theeuropeanlibrary.org:a0232:b11523207</Identifier></IdentifierObject><IdentifierObject IdentifierType="LOCAL_IDENTIFIER" OrderIndex="37"><Identifier>b11523207</Identifier><Scope>a0232</Scope></IdentifierObject><IdentifierObject ContextLevel="RECORD" FieldSource="TEL" OrderIndex="51" PartyIdentifierType="TEL"><Identifier>1000021183682</Identifier><Scope>TEL</Scope></IdentifierObject><IdentifierObject ContextLevel="RECORD" FieldSource="TEL" OrderIndex="52" PartyIdentifierType="TEL"><Identifier>3000003434681</Identifier><Scope>TEL</Scope></IdentifierObject><IdentifierObject ContextLevel="RECORD" FieldSource="TEL" OrderIndex="53" PartyIdentifierType="TEL"><Identifier>1000021649313</Identifier><Scope>TEL</Scope></IdentifierObject><IllustrationsObject OrderIndex="33">NO_ILLUSTRATIONS</IllustrationsObject><SpatialEntityObject OrderIndex="44" SpatialRelation="PUBLICATION"><Identifiers><Identifier>PL</Identifier><Scope>ISO3166</Scope></Identifiers></SpatialEntityObject><NamedPlaceObject OrderIndex="42" SpatialRelation="PUBLICATION"><PlaceName>Kraków</PlaceName></NamedPlaceObject><PrintTypeObject OrderIndex="32">PRINTED</PrintTypeObject><ProvenanceObject OrderIndex="29"><CollectionId>a0232</CollectionId><ProviderId>P01214</ProviderId></ProvenanceObject><StatusObject OrderIndex="25">UPDATED</StatusObject><TextObject OrderIndex="46" TextRelation="EXTENT"><Content>16 s. ;</Content></TextObject><TextObject OrderIndex="47" TextRelation="EXTENT"><Content>23 cm.</Content></TextObject><TextObject NoteType="GENERAL" OrderIndex="48" TextRelation="NOTE"><Content>(Osobne odb.: z "Przeglądu Lekarskiego" 1898 nr 46, 47).</Content></TextObject><TextObject NoteType="EXTERNAL_INDEXES" OrderIndex="49" TextRelation="NOTE"><Content>Estr XIX. t. 4 s. 7.</Content></TextObject><OrganizationObject OrderIndex="43" PartyRelation="PUBLISHER"><PartyName>s. n.</PartyName></OrganizationObject><LanguageObject LanguageRelation="LANGUAGE_OF_CONTENT" OrderIndex="41">POL</LanguageObject><ResourceTypeObject OrderIndex="31">TEXT</ResourceTypeObject><TopicObject OrderIndex="45"><GeneralSubdivision>zapalenie</GeneralSubdivision><TopicName>Gardło</TopicName></TopicObject><AudienceObject OrderIndex="36">UNKNOW</AudienceObject><InstantObject OrderIndex="27" TemporalRelation="OP_LOADED"><Time>1358942912000</Time><Granularity>SECOND</Granularity><Uncertain>false</Uncertain></InstantObject><InstantObject OrderIndex="40" TemporalRelation="PUBLICATION"><Time>-2272060800000</Time><Granularity>YEAR</Granularity><Uncertain>false</Uncertain></InstantObject><MetadataObject FieldSource="PROVIDER" Format="marc21" OrderIndex="30"><record xmlns="info:lc/xmlns/marcxchange-v1"><leader>00865nam a2200241 i 4500</leader><controlfield tag="001">b11523207</controlfield><controlfield tag="008">981002s1898    pl           |000 0 pol  </controlfield><datafield ind1=" " ind2=" " tag="040"><subfield code="a">WA N</subfield><subfield code="c">WA N</subfield></datafield><datafield ind1="1" ind2=" " tag="100"><subfield code="a">Raczyński, Jan</subfield><subfield code="d">(1865-1918).</subfield></datafield><datafield ind1="1" ind2="0" tag="245"><subfield code="a">O tak zwanem "wrzodliwem zapaleniu gardła" (angina ulcerosa) i jego rozróżnieniu od błonicy /</subfield><subfield code="c">podał Jan Raczyński.</subfield></datafield><datafield ind1=" " ind2=" " tag="260"><subfield code="a">Kraków :</subfield><subfield code="b">[s. n.],</subfield><subfield code="c">1898</subfield><subfield code="e">([Kraków] :</subfield><subfield code="f">Druk. Uniw. Jagiell.).</subfield></datafield><datafield ind1=" " ind2=" " tag="300"><subfield code="a">16 s. ;</subfield><subfield code="c">23 cm.</subfield></datafield><datafield ind1=" " ind2=" " tag="500"><subfield code="a">(Osobne odb.: z "Przeglądu Lekarskiego" 1898 nr 46, 47).</subfield></datafield><datafield ind1="4" ind2=" " tag="510"><subfield code="a">Estr XIX</subfield><subfield code="c">t. 4 s. 7.</subfield></datafield><datafield ind1=" " ind2="4" tag="650"><subfield code="a">Gardło</subfield><subfield code="x">zapalenie</subfield></datafield><datafield ind1=" " ind2=" " tag="902"><subfield code="a">121211</subfield><subfield code="c">981005</subfield><subfield code="d">m</subfield><subfield code="e">a</subfield><subfield code="f">-</subfield><subfield code="g">0</subfield></datafield><datafield ind1=" " ind2=" " tag="907"><subfield code="b">bk   </subfield><subfield code="c">-</subfield></datafield><datafield ind1=" " ind2=" " tag="960"><subfield code="a">II 2.029.825</subfield><subfield code="c">bk   </subfield><subfield code="h">Kras. 59397</subfield><subfield code="i">Z 150,00</subfield><subfield code="l">-</subfield><subfield code="o">1</subfield></datafield><datafield ind1=" " ind2=" " tag="960"><subfield code="a">II 835.859 A</subfield><subfield code="c">bk   </subfield><subfield code="h">1973 w 1249/7</subfield><subfield code="i">Z 0,00</subfield><subfield code="l">-</subfield><subfield code="o">0</subfield></datafield><datafield ind1=" " ind2=" " tag="996"><subfield code="a">.b11523207</subfield></datafield><datafield ind1=" " ind2=" " tag="998"><subfield code="a">ik</subfield><subfield code="a">o</subfield></datafield><datafield ind1=" " ind2=" " tag="999"><subfield code="a">jk</subfield><subfield code="b">as</subfield><subfield code="b">bm</subfield></datafield><datafield ind1=" " ind2=" " tag="999"><subfield code="a">emal</subfield></datafield></record>