</MetadataObject><PersonObject OrderIndex="39" PartyRelation="CREATOR"><PartyName>Jan Raczyński</PartyName><Identifiers><Identifier>1000021649313</Identifier><Scope>TEL</Scope></Identifiers><Identifiers><Identifier>3000003434681</Identifier><Scope>TEL</Scope></Identifiers><Identifiers><Identifier>1000021183682</Identifier><Scope>TEL</Scope></Identifiers><LifePeriod><Start><Time>-3313440000000</Time><Granularity>YEAR</Granularity><Uncertain>false</Uncertain></Start><End><Time>-1640995200000</Time><Granularity>YEAR</Granularity><Uncertain>false</Uncertain></End></LifePeriod><FirstNames>Jan</FirstNames><Surname>Raczyński</Surname></PersonObject><LinkObject FieldSource="TEL" LinkTarget="CATALOGUE_RECORD" OrderIndex="50"><Url>http://alpha.bn.org.pl/record=b1152320*pol</Url><LinkStatus>NOT_CHECKED</LinkStatus></LinkObject></MetadataRecord>
<MetadataRecord xmlns="http://theeuropeanlibrary.org/internal_object_model" ID="2000048755957"><BibliographicLevelObject OrderIndex="35">MONOGRAPH</BibliographicLevelObject><CatalogingFormObject OrderIndex="34">ISBD</CatalogingFormObject><TitleObject OrderIndex="38" TitleType="MAIN"><Title>Kalisz miasto wojewódzkie</Title></TitleObject><IdentifierObject IdentifierType="LOCAL_IDENTIFIER" OrderIndex="26"><Identifier>b11523402</Identifier></IdentifierObject><IdentifierObject IdentifierType="OAIPMH" OrderIndex="28"><Identifier>urn:theeuropeanlibrary.org:a0232:b11523402</Identifier></IdentifierObject><IdentifierObject IdentifierType="LOCAL_IDENTIFIER" OrderIndex="37"><Identifier>b11523402</Identifier><Scope>a0232</Scope></IdentifierObject><IdentifierObject ContextLevel="RECORD" FieldSource="TEL" OrderIndex="51" SpatialIdentifierType="TEL"><Identifier>1000006274316</Identifier><Scope>TEL</Scope></IdentifierObject><IllustrationsObject OrderIndex="33">NO_ILLUSTRATIONS</IllustrationsObject><SpatialEntityObject OrderIndex="44" SpatialRelation="PUBLICATION"><Identifiers><Identifier>PL</Identifier><Scope>ISO3166</Scope></Identifiers></SpatialEntityObject><NamedPlaceObject OrderIndex="42" SpatialRelation="PUBLICATION"><Identifiers><Identifier>1000006274316</Identifier><Scope>TEL</Scope></Identifiers><PlaceName>Kalisz</PlaceName></NamedPlaceObject><NamedPlaceObject OrderIndex="45" SpatialRelation="SUBJECT"><PlaceName>Kalisz (woj. wielkopolskie)</PlaceName><Subject><ChronologicalSubdivision><Instant><Time>-61536240000000</Time><Granularity>YEAR</Granularity><Uncertain>false</Uncertain></Instant></ChronologicalSubdivision></Subject></NamedPlaceObject><NamedPlaceObject OrderIndex="46" SpatialRelation="SUBJECT"><PlaceName>Polska</PlaceName><Subject><GeneralSubdivision>podział administracyjny</GeneralSubdivision><ChronologicalSubdivision><Instant><Time>-1593824400000</Time><Granularity>MONTH</Granularity><Uncertain>false</Uncertain></Instant></ChronologicalSubdivision></Subject></NamedPlaceObject><PrintTypeObject OrderIndex="32">PRINTED</PrintTypeObject><ProvenanceObject OrderIndex="29"><CollectionId>a0232</CollectionId><ProviderId>P01214</ProviderId></ProvenanceObject><StatusObject OrderIndex="25">UPDATED</StatusObject><TextObject OrderIndex="47" TextRelation="EXTENT"><Content>22 s. ;</Content></TextObject><TextObject OrderIndex="48" TextRelation="EXTENT"><Content>23 cm.</Content></TextObject><TextObject NoteType="GENERAL" OrderIndex="49" TextRelation="NOTE"><Content>Opis wg okł.</Content></TextObject><OrganizationObject OrderIndex="43" PartyRelation="PUBLISHER"><PartyName>s. n.</PartyName></OrganizationObject><LanguageObject LanguageRelation="LANGUAGE_OF_CONTENT" OrderIndex="41">POL</LanguageObject><ResourceTypeObject OrderIndex="31">TEXT</ResourceTypeObject><AudienceObject OrderIndex="36">UNKNOW</AudienceObject><InstantObject OrderIndex="27" TemporalRelation="OP_LOADED"><Time>1358943207000</Time><Granularity>SECOND</Granularity><Uncertain>false</Uncertain></InstantObject><InstantObject OrderIndex="40" TemporalRelation="PUBLICATION"><Time>-1577923200000</Time><Granularity>YEAR</Granularity><Uncertain>false</Uncertain></InstantObject><MetadataObject FieldSource="PROVIDER" Format="marc21" OrderIndex="30"><record xmlns="info:lc/xmlns/marcxchange-v1"><leader>01012nam a2200265 i 4500</leader><controlfield tag="001">b11523402</controlfield><controlfield tag="008">981002s1920    pl           |000 0 pol  </controlfield><datafield ind1=" " ind2=" " tag="040"><subfield code="a">WA N</subfield><subfield code="c">WA N</subfield></datafield><datafield ind1="1" ind2=" " tag="100"><subfield code="a">Radwan, Józef</subfield><subfield code="d">(1892-1945).</subfield></datafield><datafield ind1="1" ind2="0" tag="245"><subfield code="a">Kalisz miasto wojewódzkie /</subfield><subfield code="c">referat członka Rady Miejskiej Józefa Radwana.</subfield></datafield><datafield ind1=" " ind2=" " tag="260"><subfield code="a">Kalisz :</subfield><subfield code="b">[s. n.],</subfield><subfield code="c">1920</subfield><subfield code="e">(Kalisz :</subfield><subfield code="f">B-cia Radwan).</subfield></datafield><datafield ind1=" " ind2=" " tag="300"><subfield code="a">22 s. ;</subfield><subfield code="c">23 cm.</subfield></datafield><datafield ind1="1" ind2=" " tag="490"><subfield code="a">Wydawnictwo Magistratu Miasta Kalisza. Wydział Statystyczno-Prasowy ;</subfield><subfield code="v">nr 5</subfield></datafield><datafield ind1=" " ind2=" " tag="500"><subfield code="a">Opis wg okł.</subfield></datafield><datafield ind1=" " ind2="4" tag="651"><subfield code="a">Kalisz (woj. wielkopolskie)</subfield><subfield code="y">20 w.</subfield></datafield><datafield ind1=" " ind2="4" tag="651"><subfield code="a">Polska</subfield><subfield code="x">podział administracyjny</subfield><subfield code="y">1918-1939 r.</subfield></datafield><datafield ind1=" " ind2="0" tag="830"><subfield code="a">Wydawnictwo Magistratu Miasta Kalisza. Wydział Statystyczno-Prasowy ;</subfield><subfield code="v">nr 5</subfield></datafield><datafield ind1=" " ind2=" " tag="902"><subfield code="a">121211</subfield><subfield code="c">981005</subfield><subfield code="d">m</subfield><subfield code="e">a</subfield><subfield code="f">-</subfield><subfield code="g">0</subfield></datafield><datafield ind1=" " ind2=" " tag="907"><subfield code="b">bk   </subfield><subfield code="c">-</subfield></datafield><datafield ind1=" " ind2=" " tag="960"><subfield code="a">II 2.029.848</subfield><subfield code="c">bk   </subfield><subfield code="h">Kras. 85139</subfield><subfield code="i">Z 150,00</subfield><subfield code="l">-</subfield><subfield code="o">1</subfield></datafield><datafield ind1=" " ind2=" " tag="960"><subfield code="a">II 839.333 A</subfield><subfield code="c">bk   </subfield><subfield code="d">30001009770506</subfield><subfield code="h">1938 d 683</subfield><subfield code="i">Z 0,00</subfield><subfield code="l">-</subfield><subfield code="o">0</subfield></datafield><datafield ind1=" " ind2=" " tag="996"><subfield code="a">.b11523402</subfield></datafield><datafield ind1=" " ind2=" " tag="998"><subfield code="a">ik</subfield><subfield code="a">o</subfield></datafield><datafield ind1=" " ind2=" " tag="999"><subfield code="a">jk</subfield><subfield code="b">as</subfield><subfield code="b">ae</subfield></datafield><datafield ind1=" " ind2=" " tag="999"><subfield code="a">piju</subfield><subfield code="a">rodo</subfield></datafield></record>