</MetadataObject><PersonObject OrderIndex="40" PartyRelation="CREATOR"><PartyName>Armand de. Pichard</PartyName><FirstNames>Armand de.</FirstNames><Surname>Pichard</Surname></PersonObject><PersonObject OrderIndex="46" PartyRelation="SUBJECT"><PartyName>Anne Sophie Swetchine</PartyName><Identifiers><Identifier>1000020785150</Identifier><Scope>TEL</Scope></Identifiers><LifePeriod><Start><Time>-5932656000000</Time><Granularity>YEAR</Granularity><Uncertain>false</Uncertain></Start><End><Time>-3565900800000</Time><Granularity>YEAR</Granularity><Uncertain>false</Uncertain></End></LifePeriod><FirstNames>Anne Sophie</FirstNames><Surname>Swetchine</Surname></PersonObject><PersonObject OrderIndex="47" PartyRelation="SUBJECT"><PartyName>Joseph de Maistre</PartyName><Identifiers><Identifier>2000077848510</Identifier><Scope>TEL</Scope></Identifiers><Identifiers><Identifier>1000022244298</Identifier><Scope>TEL</Scope></Identifiers><LifePeriod><Start><Time>-6847804800000</Time><Granularity>YEAR</Granularity><Uncertain>false</Uncertain></Start><End><Time>-4701974400000</Time><Granularity>YEAR</Granularity><Uncertain>false</Uncertain></End></LifePeriod><FirstNames>Joseph de</FirstNames><Surname>Maistre</Surname></PersonObject><LinkObject FieldSource="TEL" LinkTarget="CATALOGUE_RECORD" OrderIndex="52"><Url>http://alpha.bn.org.pl/record=b1152295*pol</Url><LinkStatus>NOT_CHECKED</LinkStatus></LinkObject></MetadataRecord>
<MetadataRecord xmlns="http://theeuropeanlibrary.org/internal_object_model" ID="2000048755935"><BibliographicLevelObject OrderIndex="37">MONOGRAPH</BibliographicLevelObject><CatalogingFormObject OrderIndex="36">ISBD</CatalogingFormObject><TitleObject OrderIndex="41" TitleType="MAIN"><Title>De Pierre Arétin</Title><SubTitle>notice sur sa fortune, sur les moyens qui la lui ont procurée et sur l'emploi qu'il en a fait</SubTitle></TitleObject><IdentifierObject IdentifierType="LOCAL_IDENTIFIER" OrderIndex="28"><Identifier>b11523189</Identifier></IdentifierObject><IdentifierObject IdentifierType="OAIPMH" OrderIndex="30"><Identifier>urn:theeuropeanlibrary.org:a0232:b11523189</Identifier></IdentifierObject><IdentifierObject IdentifierType="LOCAL_IDENTIFIER" OrderIndex="39"><Identifier>b11523189</Identifier><Scope>a0232</Scope></IdentifierObject><IdentifierObject ContextLevel="CONTENT" FieldSource="TEL" OrderIndex="55" PartyIdentifierType="TEL"><Identifier>2000071133748</Identifier><Scope>TEL</Scope></IdentifierObject><IdentifierObject ContextLevel="CONTENT" FieldSource="TEL" OrderIndex="56" PartyIdentifierType="TEL"><Identifier>3000003901823</Identifier><Scope>TEL</Scope></IdentifierObject><IdentifierObject ContextLevel="CONTENT" FieldSource="TEL" OrderIndex="57" PartyIdentifierType="TEL"><Identifier>1000022212233</Identifier><Scope>TEL</Scope></IdentifierObject><IdentifierObject ContextLevel="RECORD" FieldSource="TEL" OrderIndex="58" SpatialIdentifierType="TEL"><Identifier>1000006057437</Identifier><Scope>TEL</Scope></IdentifierObject><IdentifierObject ContextLevel="RECORD" FieldSource="TEL" OrderIndex="59" SpatialIdentifierType="TEL"><Identifier>1000006122484</Identifier><Scope>TEL</Scope></IdentifierObject><IllustrationsObject OrderIndex="35">NO_ILLUSTRATIONS</IllustrationsObject><SpatialEntityObject OrderIndex="49" SpatialRelation="PUBLICATION"><Identifiers><Identifier>FR</Identifier><Scope>ISO3166</Scope></Identifiers></SpatialEntityObject><NamedPlaceObject OrderIndex="45" SpatialRelation="PUBLICATION"><Identifiers><Identifier>1000006057437</Identifier><Scope>TEL</Scope></Identifiers><PlaceName>Paris</PlaceName></NamedPlaceObject><NamedPlaceObject OrderIndex="46" SpatialRelation="PUBLICATION"><Identifiers><Identifier>1000006122484</Identifier><Scope>TEL</Scope></Identifiers><PlaceName>Dijon</PlaceName></NamedPlaceObject><PrintTypeObject OrderIndex="34">PRINTED</PrintTypeObject><ProvenanceObject OrderIndex="31"><CollectionId>a0232</CollectionId><ProviderId>P01214</ProviderId></ProvenanceObject><StatusObject OrderIndex="27">UPDATED</StatusObject><TextObject OrderIndex="40" TextRelation="STATEMENT_OF_RESPONSIBILITY"><Content>par Gabriel Peignot.</Content></TextObject><TextObject OrderIndex="52" TextRelation="EXTENT"><Content>[2], 14 s. ;</Content></TextObject><TextObject OrderIndex="53" TextRelation="EXTENT"><Content>23 cm.</Content></TextObject><OrganizationObject OrderIndex="47" PartyRelation="PUBLISHER"><PartyName>chez Techener ;</PartyName></OrganizationObject><OrganizationObject OrderIndex="48" PartyRelation="PUBLISHER"><PartyName>chez V. Lagier</PartyName></OrganizationObject><LanguageObject LanguageRelation="LANGUAGE_OF_CONTENT" OrderIndex="44">FRE</LanguageObject><ResourceTypeObject OrderIndex="33">TEXT</ResourceTypeObject><TopicObject OrderIndex="51"><GeneralSubdivision>historia</GeneralSubdivision><ChronologicalSubdivision><Instant><Time>-61662470400000</Time><Granularity>YEAR</Granularity><Uncertain>false</Uncertain></Instant></ChronologicalSubdivision><TopicName>Literatura włoska</TopicName></TopicObject><AudienceObject OrderIndex="38">UNKNOW</AudienceObject><InstantObject OrderIndex="29" TemporalRelation="OP_LOADED"><Time>1358943205000</Time><Granularity>SECOND</Granularity><Uncertain>false</Uncertain></InstantObject><InstantObject OrderIndex="43" TemporalRelation="PUBLICATION"><Time>-4228675200000</Time><Granularity>YEAR</Granularity><Uncertain>false</Uncertain></InstantObject><MetadataObject FieldSource="PROVIDER" Format="marc21" OrderIndex="32"><record xmlns="info:lc/xmlns/marcxchange-v1"><leader>00769nam a2200217 i 4500</leader><controlfield tag="001">b11523189</controlfield><controlfield tag="008">981002s1836    fr           |000 0 fre  </controlfield><datafield ind1=" " ind2=" " tag="040"><subfield code="a">WA N</subfield><subfield code="c">WA N</subfield></datafield><datafield ind1="1" ind2=" " tag="100"><subfield code="a">Peignot, Gabriel</subfield><subfield code="d">(1767-1849).</subfield></datafield><datafield ind1="1" ind2="0" tag="245"><subfield code="a">De Pierre Arétin :</subfield><subfield code="b">notice sur sa fortune, sur les moyens qui la lui ont procurée et sur l'emploi qu'il en a fait /</subfield><subfield code="c">par Gabriel Peignot.</subfield></datafield><datafield ind1=" " ind2=" " tag="260"><subfield code="a">Paris :</subfield><subfield code="b">chez Techener ;</subfield><subfield code="a">Dijon :</subfield><subfield code="b">chez V. Lagier,</subfield><subfield code="c">1836.</subfield></datafield><datafield ind1=" " ind2=" " tag="300"><subfield code="a">[2], 14 s. ;</subfield><subfield code="c">23 cm.</subfield></datafield><datafield ind1="1" ind2="4" tag="600"><subfield code="a">Aretino, Pietro</subfield><subfield code="d">(1492-1556)</subfield></datafield><datafield ind1=" " ind2="4" tag="655"><subfield code="a">Literatura włoska</subfield><subfield code="x">historia</subfield><subfield code="y">16 w.</subfield></datafield><datafield ind1=" " ind2=" " tag="902"><subfield code="a">121211</subfield><subfield code="c">981005</subfield><subfield code="d">m</subfield><subfield code="e">a</subfield><subfield code="f">-</subfield><subfield code="g">0</subfield></datafield><datafield ind1=" " ind2=" " tag="907"><subfield code="b">bk   </subfield><subfield code="c">-</subfield></datafield><datafield ind1=" " ind2=" " tag="960"><subfield code="a">II 2.029.839</subfield><subfield code="c">bk   </subfield><subfield code="h">Kras. 73181</subfield><subfield code="i">Z 150,00</subfield><subfield code="l">-</subfield><subfield code="o">1</subfield></datafield><datafield ind1=" " ind2=" " tag="996"><subfield code="a">.b11523189</subfield></datafield><datafield ind1=" " ind2=" " tag="998"><subfield code="a">ik</subfield><subfield code="a">o</subfield></datafield><datafield ind1=" " ind2=" " tag="999"><subfield code="a">as</subfield><subfield code="b">zb</subfield><subfield code="b">ae</subfield></datafield><datafield ind1=" " ind2=" " tag="999"><subfield code="a">rodo</subfield></datafield></record>