</MetadataObject><PersonObject OrderIndex="42" PartyRelation="CREATOR"><PartyName>Gabriel Peignot</PartyName><LifePeriod><Start><Time>-6406041600000</Time><Granularity>YEAR</Granularity><Uncertain>false</Uncertain></Start><End><Time>-3818361600000</Time><Granularity>YEAR</Granularity><Uncertain>false</Uncertain></End></LifePeriod><FirstNames>Gabriel</FirstNames><Surname>Peignot</Surname></PersonObject><PersonObject OrderIndex="50" PartyRelation="SUBJECT"><PartyName>Pietro Aretino</PartyName><Identifiers><Identifier>1000022212233</Identifier><Scope>TEL</Scope></Identifiers><Identifiers><Identifier>3000003901823</Identifier><Scope>TEL</Scope></Identifiers><Identifiers><Identifier>2000071133748</Identifier><Scope>TEL</Scope></Identifiers><LifePeriod><Start><Time>-15083452800000</Time><Granularity>YEAR</Granularity><Uncertain>false</Uncertain></Start><End><Time>-13063766400000</Time><Granularity>YEAR</Granularity><Uncertain>false</Uncertain></End></LifePeriod><FirstNames>Pietro</FirstNames><Surname>Aretino</Surname></PersonObject><LinkObject FieldSource="TEL" LinkTarget="CATALOGUE_RECORD" OrderIndex="54"><Url>http://alpha.bn.org.pl/record=b1152318*pol</Url><LinkStatus>NOT_CHECKED</LinkStatus></LinkObject></MetadataRecord>
<MetadataRecord xmlns="http://theeuropeanlibrary.org/internal_object_model" ID="2000048755925"><BibliographicLevelObject OrderIndex="35">MONOGRAPH</BibliographicLevelObject><CatalogingFormObject OrderIndex="34">ISBD</CatalogingFormObject><TitleObject OrderIndex="39" TitleType="MAIN"><Title>Kamma</Title><SubTitle>tragedya oryginalna, wierszem w 3 aktach</SubTitle></TitleObject><IdentifierObject IdentifierType="LOCAL_IDENTIFIER" OrderIndex="26"><Identifier>b11523086</Identifier></IdentifierObject><IdentifierObject IdentifierType="OAIPMH" OrderIndex="28"><Identifier>urn:theeuropeanlibrary.org:a0232:b11523086</Identifier></IdentifierObject><IdentifierObject IdentifierType="LOCAL_IDENTIFIER" OrderIndex="37"><Identifier>b11523086</Identifier><Scope>a0232</Scope></IdentifierObject><IdentifierObject ContextLevel="RECORD" FieldSource="TEL" OrderIndex="51" PartyIdentifierType="TEL"><Identifier>1000021216702</Identifier><Scope>TEL</Scope></IdentifierObject><IdentifierObject ContextLevel="RECORD" FieldSource="TEL" OrderIndex="52" PartyIdentifierType="TEL"><Identifier>1000020143523</Identifier><Scope>TEL</Scope></IdentifierObject><IdentifierObject ContextLevel="RECORD" FieldSource="TEL" OrderIndex="53" SpatialIdentifierType="TEL"><Identifier>1000001587202</Identifier><Scope>TEL</Scope></IdentifierObject><IllustrationsObject OrderIndex="33">NO_ILLUSTRATIONS</IllustrationsObject><SpatialEntityObject OrderIndex="45" SpatialRelation="PUBLICATION"><Identifiers><Identifier>PL</Identifier><Scope>ISO3166</Scope></Identifiers></SpatialEntityObject><NamedPlaceObject OrderIndex="43" SpatialRelation="PUBLICATION"><Identifiers><Identifier>1000001587202</Identifier><Scope>TEL</Scope></Identifiers><PlaceName>Warszawa</PlaceName></NamedPlaceObject><PrintTypeObject OrderIndex="32">PRINTED</PrintTypeObject><ProvenanceObject OrderIndex="29"><CollectionId>a0232</CollectionId><ProviderId>P01214</ProviderId></ProvenanceObject><StatusObject OrderIndex="25">UPDATED</StatusObject><TextObject OrderIndex="38" TextRelation="STATEMENT_OF_RESPONSIBILITY"><Content>przez Władysława Miniewskiego wystawiona raz pierwszy na teatrze warszawskim dnia 22 września 1822.</Content></TextObject><TextObject OrderIndex="47" TextRelation="EXTENT"><Content>[10], 42 s., [1] k. tabl. ;</Content></TextObject><TextObject OrderIndex="48" TextRelation="EXTENT"><Content>23 cm.</Content></TextObject><TextObject NoteType="EXTERNAL_INDEXES" OrderIndex="49" TextRelation="NOTE"><Content>Estr XIX. t. 3 s. 140.</Content></TextObject><OrganizationObject OrderIndex="44" PartyRelation="PUBLISHER"><PartyName>N. Glücksberg</PartyName></OrganizationObject><LanguageObject LanguageRelation="LANGUAGE_OF_CONTENT" OrderIndex="42">POL</LanguageObject><ResourceTypeObject OrderIndex="31">TEXT</ResourceTypeObject><TopicObject OrderIndex="46"><ChronologicalSubdivision><Instant><Time>-61567776000000</Time><Granularity>YEAR</Granularity><Uncertain>false</Uncertain></Instant></ChronologicalSubdivision><TopicName>Dramat polski</TopicName></TopicObject><AudienceObject OrderIndex="36">UNKNOW</AudienceObject><InstantObject OrderIndex="27" TemporalRelation="OP_LOADED"><Time>1358943203000</Time><Granularity>SECOND</Granularity><Uncertain>false</Uncertain></InstantObject><InstantObject OrderIndex="41" TemporalRelation="PUBLICATION"><Time>-4638902400000</Time><Granularity>YEAR</Granularity><Uncertain>false</Uncertain></InstantObject><MetadataObject FieldSource="PROVIDER" Format="marc21" OrderIndex="30"><record xmlns="info:lc/xmlns/marcxchange-v1"><leader>00889nam a2200229 i 4500</leader><controlfield tag="001">b11523086</controlfield><controlfield tag="008">981002s1823    pl           |000 d pol  </controlfield><datafield ind1=" " ind2=" " tag="040"><subfield code="a">WA N</subfield><subfield code="c">WA N</subfield></datafield><datafield ind1="1" ind2=" " tag="100"><subfield code="a">Miniewski, Władysław</subfield><subfield code="d">(1793-1865).</subfield></datafield><datafield ind1="1" ind2="0" tag="245"><subfield code="a">Kamma :</subfield><subfield code="b">tragedya oryginalna, wierszem w 3 aktach /</subfield><subfield code="c">przez Władysława Miniewskiego wystawiona raz pierwszy na teatrze warszawskim dnia 22 września 1822.</subfield></datafield><datafield ind1=" " ind2=" " tag="260"><subfield code="a">Warszawa :</subfield><subfield code="b">N. Glücksberg,</subfield><subfield code="c">1823</subfield><subfield code="e">([Warszawa] :</subfield><subfield code="f">N. Glücksberg).</subfield></datafield><datafield ind1=" " ind2=" " tag="300"><subfield code="a">[10], 42 s., [1] k. tabl. ;</subfield><subfield code="c">23 cm.</subfield></datafield><datafield ind1="4" ind2=" " tag="510"><subfield code="a">Estr XIX</subfield><subfield code="c">t. 3 s. 140.</subfield></datafield><datafield ind1=" " ind2="4" tag="655"><subfield code="a">Dramat polski</subfield><subfield code="y">19 w.</subfield></datafield><datafield ind1=" " ind2=" " tag="902"><subfield code="a">121211</subfield><subfield code="c">981005</subfield><subfield code="d">m</subfield><subfield code="e">a</subfield><subfield code="f">-</subfield><subfield code="g">0</subfield></datafield><datafield ind1=" " ind2=" " tag="907"><subfield code="b">bk   </subfield><subfield code="c">-</subfield></datafield><datafield ind1=" " ind2=" " tag="960"><subfield code="a">II 2.029.807</subfield><subfield code="c">bk   </subfield><subfield code="d">30001008958813</subfield><subfield code="h">Kras. 24892</subfield><subfield code="i">Z 150,00</subfield><subfield code="l">-</subfield><subfield code="o">1</subfield></datafield><datafield ind1=" " ind2=" " tag="960"><subfield code="a">II 199.639 A</subfield><subfield code="c">bk   </subfield><subfield code="d">30001004611317</subfield><subfield code="h">II ak. 7294</subfield><subfield code="i">Z 0,00</subfield><subfield code="l">-</subfield><subfield code="o">0</subfield></datafield><datafield ind1=" " ind2=" " tag="996"><subfield code="a">.b11523086</subfield></datafield><datafield ind1=" " ind2=" " tag="998"><subfield code="a">ik</subfield><subfield code="a">o</subfield></datafield><datafield ind1=" " ind2=" " tag="999"><subfield code="a">mt</subfield><subfield code="b">as</subfield><subfield code="a">bm</subfield></datafield><datafield ind1=" " ind2=" " tag="999"><subfield code="a">resi</subfield></datafield></record>