</MetadataObject><PersonObject OrderIndex="41" PartyRelation="CREATOR"><PartyName>Maria Dąbrowska</PartyName><Identifiers><Identifier>2000078083937</Identifier><Scope>TEL</Scope></Identifiers><Identifiers><Identifier>1000015707091</Identifier><Scope>TEL</Scope></Identifiers><Identifiers><Identifier>1000016905528</Identifier><Scope>TEL</Scope></Identifiers><Identifiers><Identifier>1000015669220</Identifier><Scope>TEL</Scope></Identifiers><Identifiers><Identifier>1000015858413</Identifier><Scope>TEL</Scope></Identifiers><Identifiers><Identifier>2000078058054</Identifier><Scope>TEL</Scope></Identifiers><Identifiers><Identifier>1000021048108</Identifier><Scope>TEL</Scope></Identifiers><Identifiers><Identifier>1000021104065</Identifier><Scope>TEL</Scope></Identifiers><Identifiers><Identifier>1000021104118</Identifier><Scope>TEL</Scope></Identifiers><LifePeriod><Start><Time>-2556057600000</Time><Granularity>YEAR</Granularity><Uncertain>false</Uncertain></Start><End><Time>-157766400000</Time><Granularity>YEAR</Granularity><Uncertain>false</Uncertain></End></LifePeriod><FirstNames>Maria</FirstNames><Surname>Dąbrowska</Surname></PersonObject><PersonObject OrderIndex="42" PartyRelation="CONTRIBUTOR"><PartyName>D. Kim</PartyName><Identifiers><Identifier>1000008185924</Identifier><Scope>TEL</Scope></Identifiers><Identifiers><Identifier>2000072896573</Identifier><Scope>TEL</Scope></Identifiers><Identifiers><Identifier>1000003632555</Identifier><Scope>TEL</Scope></Identifiers><Identifiers><Identifier>2000072436595</Identifier><Scope>TEL</Scope></Identifiers><Identifiers><Identifier>1000009000564</Identifier><Scope>TEL</Scope></Identifiers><Identifiers><Identifier>1000011720400</Identifier><Scope>TEL</Scope></Identifiers><FirstNames>D.</FirstNames><Surname>Kim</Surname></PersonObject><LinkObject FieldSource="TEL" LinkTarget="CATALOGUE_RECORD" OrderIndex="52"><Url>http://alpha.bn.org.pl/record=b1152398*pol</Url><LinkStatus>NOT_CHECKED</LinkStatus></LinkObject></MetadataRecord>
<MetadataRecord xmlns="http://theeuropeanlibrary.org/internal_object_model" ID="2000048756001"><BibliographicLevelObject OrderIndex="44">MONOGRAPH</BibliographicLevelObject><CatalogingFormObject OrderIndex="43">ISBD</CatalogingFormObject><TitleObject OrderIndex="49" TitleType="MAIN"><Title>Osteuropa und Afrika</Title><SubTitle>ökonomische und soziokulturelle Aspekte des Technologietransfers zwischen Ost und Süd</SubTitle></TitleObject><IdentifierObject IdentifierType="LOCAL_IDENTIFIER" OrderIndex="34"><Identifier>b11523888</Identifier></IdentifierObject><IdentifierObject IdentifierType="OAIPMH" OrderIndex="36"><Identifier>urn:theeuropeanlibrary.org:a0232:b11523888</Identifier></IdentifierObject><IdentifierObject IdentifierType="LOCAL_IDENTIFIER" OrderIndex="46"><Identifier>b11523888</Identifier><Scope>a0232</Scope></IdentifierObject><IdentifierObject IdentifierType="ISBN" OrderIndex="47"><Identifier>3770523865</Identifier></IdentifierObject><IdentifierObject ContextLevel="RECORD" FieldSource="TEL" OrderIndex="67" PartyIdentifierType="TEL"><Identifier>3000004407047</Identifier><Scope>TEL</Scope></IdentifierObject><IdentifierObject ContextLevel="RECORD" FieldSource="TEL" OrderIndex="68" PartyIdentifierType="TEL"><Identifier>2000074530345</Identifier><Scope>TEL</Scope></IdentifierObject><IdentifierObject ContextLevel="RECORD" FieldSource="TEL" OrderIndex="69" PartyIdentifierType="TEL"><Identifier>1000007812980</Identifier><Scope>TEL</Scope></IdentifierObject><IdentifierObject ContextLevel="RECORD" FieldSource="TEL" OrderIndex="70" PartyIdentifierType="TEL"><Identifier>2000073426645</Identifier><Scope>TEL</Scope></IdentifierObject><IdentifierObject ContextLevel="RECORD" FieldSource="TEL" OrderIndex="71" PartyIdentifierType="TEL"><Identifier>1000018461474</Identifier><Scope>TEL</Scope></IdentifierObject><IdentifierObject ContextLevel="RECORD" FieldSource="TEL" OrderIndex="72" PartyIdentifierType="TEL"><Identifier>1000021205002</Identifier><Scope>TEL</Scope></IdentifierObject><IdentifierObject ContextLevel="RECORD" FieldSource="TEL" OrderIndex="73" PartyIdentifierType="TEL"><Identifier>1000020991388</Identifier><Scope>TEL</Scope></IdentifierObject><IdentifierObject ContextLevel="RECORD" FieldSource="TEL" OrderIndex="74" SpatialIdentifierType="TEL"><Identifier>1000005814250</Identifier><Scope>TEL</Scope></IdentifierObject><IllustrationsObject OrderIndex="41">ILLUSTRATIONS</IllustrationsObject><IllustrationsObject OrderIndex="42">NO_ILLUSTRATIONS</IllustrationsObject><SpatialEntityObject OrderIndex="57" SpatialRelation="PUBLICATION"><Identifiers><Identifier>DE</Identifier><Scope>ISO3166</Scope></Identifiers></SpatialEntityObject><NamedPlaceObject OrderIndex="55" SpatialRelation="PUBLICATION"><Identifiers><Identifier>1000005814250</Identifier><Scope>TEL</Scope></Identifiers><PlaceName>München</PlaceName></NamedPlaceObject><NamedPlaceObject OrderIndex="61" SpatialRelation="SUBJECT"><PlaceName>Afryka</PlaceName><Subject><GeneralSubdivision>a kraje socjalistyczne</GeneralSubdivision></Subject></NamedPlaceObject><PrintTypeObject OrderIndex="40">PRINTED</PrintTypeObject><ProvenanceObject OrderIndex="37"><CollectionId>a0232</CollectionId><ProviderId>P01214</ProviderId></ProvenanceObject><StatusObject OrderIndex="33">UPDATED</StatusObject><TextObject OrderIndex="48" TextRelation="STATEMENT_OF_RESPONSIBILITY"><Content>Halina Araszkiewicz und Pavel Apostol ; hrsg. und eingel. von Klaus Gottstein ; mit einer Bibliographie von Pavel Apostol und Jörn Behrmann.</Content></TextObject><TextObject OrderIndex="62" TextRelation="FORMAT_UNCONTROLED"><Content>wykr. ;</Content></TextObject><TextObject OrderIndex="63" TextRelation="EXTENT"><Content>214 s. :</Content></TextObject><TextObject OrderIndex="64" TextRelation="EXTENT"><Content>24 cm.</Content></TextObject><TextObject OrderIndex="65" TextRelation="DESCRIPTION"><Content>Bibliogr. s. 209-214.</Content></TextObject><OrganizationObject OrderIndex="56" PartyRelation="PUBLISHER"><PartyName>W. Fink</PartyName><Identifiers><Identifier>1000018461474</Identifier><Scope>TEL</Scope></Identifiers></OrganizationObject><LanguageObject LanguageRelation="LANGUAGE_OF_CONTENT" OrderIndex="54">GER</LanguageObject><ResourceTypeObject OrderIndex="39">TEXT</ResourceTypeObject><TopicObject OrderIndex="58"><TopicName>Współpraca gospodarcza</TopicName></TopicObject><TopicObject OrderIndex="59"><TopicName>Transfer technologii</TopicName></TopicObject><TopicObject OrderIndex="60"><GeneralSubdivision>a Afryka</GeneralSubdivision><TopicName>Kraje socjalistyczne</TopicName></TopicObject><AudienceObject OrderIndex="45">UNKNOW</AudienceObject><InstantObject OrderIndex="35" TemporalRelation="OP_LOADED"><Time>1358943214000</Time><Granularity>SECOND</Granularity><Uncertain>false</Uncertain></InstantObject><InstantObject OrderIndex="53" TemporalRelation="PUBLICATION"><Time>504921600000</Time><Granularity>YEAR</Granularity><Uncertain>false</Uncertain></InstantObject><MetadataObject FieldSource="PROVIDER" Format="marc21" OrderIndex="38"><record xmlns="info:lc/xmlns/marcxchange-v1"><leader>01347nam a2200325 i 4500</leader><controlfield tag="001">b11523888</controlfield><controlfield tag="008">981002s1986    gw a         |000 0 ger  </controlfield><datafield ind1=" " ind2=" " tag="020"><subfield code="a">3770523865</subfield></datafield><datafield ind1=" " ind2=" " tag="040"><subfield code="a">WA N</subfield><subfield code="c">WA N</subfield></datafield><datafield ind1="1" ind2=" " tag="100"><subfield code="a">Araszkiewicz, Halina.</subfield></datafield><datafield ind1="1" ind2="0" tag="245"><subfield code="a">Osteuropa und Afrika :</subfield><subfield code="b">ökonomische und soziokulturelle Aspekte des Technologietransfers zwischen Ost und Süd /</subfield><subfield code="c">Halina Araszkiewicz und Pavel Apostol ; hrsg. und eingel. von Klaus Gottstein ; mit einer Bibliographie von Pavel Apostol und Jörn Behrmann.</subfield></datafield><datafield ind1=" " ind2=" " tag="260"><subfield code="a">München :</subfield><subfield code="b">W. Fink,</subfield><subfield code="c">1986.</subfield></datafield><datafield ind1=" " ind2=" " tag="300"><subfield code="a">214 s. :</subfield><subfield code="b">wykr. ;</subfield><subfield code="c">24 cm.</subfield></datafield><datafield ind1="1" ind2=" " tag="490"><subfield code="a">Veröffentlichungen der Forschungsstelle Gottstein in der Max-Planck-Gesellschaft</subfield></datafield><datafield ind1=" " ind2=" " tag="504"><subfield code="a">Bibliogr. s. 209-214.</subfield></datafield><datafield ind1=" " ind2="4" tag="650"><subfield code="a">Współpraca gospodarcza</subfield></datafield><datafield ind1=" " ind2="4" tag="650"><subfield code="a">Transfer technologii</subfield></datafield><datafield ind1=" " ind2="4" tag="650"><subfield code="a">Kraje socjalistyczne</subfield><subfield code="x">a Afryka</subfield><subfield code="x">gospodarka</subfield></datafield><datafield ind1=" " ind2="4" tag="651"><subfield code="a">Afryka</subfield><subfield code="x">a kraje socjalistyczne</subfield><subfield code="x">gospodarka</subfield></datafield><datafield ind1="1" ind2=" " tag="700"><subfield code="a">Apostol, Pavel</subfield></datafield><datafield ind1="1" ind2=" " tag="700"><subfield code="a">Gottstein, Klaus</subfield><subfield code="d">(1924- ).</subfield><subfield code="e">Wstęp</subfield></datafield><datafield ind1=" " ind2="0" tag="830"><subfield code="a">Veröffentlichungen der Forschungsstelle Gottstein in der Max-Planck-Gesellschaft</subfield></datafield><datafield ind1=" " ind2=" " tag="902"><subfield code="a">121211</subfield><subfield code="c">981005</subfield><subfield code="d">m</subfield><subfield code="e">a</subfield><subfield code="f">-</subfield><subfield code="g">0</subfield></datafield><datafield ind1=" " ind2=" " tag="907"><subfield code="b">bk   </subfield><subfield code="c">-</subfield></datafield><datafield ind1=" " ind2=" " tag="920"><subfield code="a">3-7705-2386-5</subfield></datafield><datafield ind1=" " ind2=" " tag="960"><subfield code="a">II 1.840.562 A</subfield><subfield code="c">bk   </subfield><subfield code="d">30001009348200</subfield><subfield code="h">1994 w 183/1</subfield><subfield code="i">Z 0,25</subfield><subfield code="k">2</subfield><subfield code="l">-</subfield><subfield code="o">0</subfield></datafield><datafield ind1=" " ind2=" " tag="996"><subfield code="a">.b11523888</subfield></datafield><datafield ind1=" " ind2=" " tag="998"><subfield code="a">ik</subfield><subfield code="a">o</subfield></datafield><datafield ind1=" " ind2=" " tag="999"><subfield code="a">AT</subfield><subfield code="b">js</subfield></datafield><datafield ind1=" " ind2=" " tag="999"><subfield code="a">mabl</subfield><subfield code="b">asto</subfield></datafield></record>