</MetadataObject><PersonObject OrderIndex="50" PartyRelation="CREATOR"><PartyName>Halina. Araszkiewicz</PartyName><Identifiers><Identifier>1000021205002</Identifier><Scope>TEL</Scope></Identifiers><FirstNames>Halina.</FirstNames><Surname>Araszkiewicz</Surname></PersonObject><PersonObject OrderIndex="51" PartyRelation="CONTRIBUTOR"><PartyName>Pavel Apostol</PartyName><Identifiers><Identifier>2000074530345</Identifier><Scope>TEL</Scope></Identifiers><Identifiers><Identifier>1000007812980</Identifier><Scope>TEL</Scope></Identifiers><FirstNames>Pavel</FirstNames><Surname>Apostol</Surname></PersonObject><PersonObject OrderIndex="52" PartyRelation="CONTRIBUTOR"><PartyName>Klaus Gottstein</PartyName><Identifiers><Identifier>2000073426645</Identifier><Scope>TEL</Scope></Identifiers><Identifiers><Identifier>1000020991388</Identifier><Scope>TEL</Scope></Identifiers><Identifiers><Identifier>3000004407047</Identifier><Scope>TEL</Scope></Identifiers><LifePeriod><Start><Time>-1451692800000</Time><Granularity>YEAR</Granularity><Uncertain>false</Uncertain></Start></LifePeriod><FirstNames>Klaus</FirstNames><Surname>Gottstein</Surname></PersonObject><LinkObject FieldSource="TEL" LinkTarget="CATALOGUE_RECORD" OrderIndex="66"><Url>http://alpha.bn.org.pl/record=b1152388*pol</Url><LinkStatus>NOT_CHECKED</LinkStatus></LinkObject></MetadataRecord>
<MetadataRecord xmlns="http://theeuropeanlibrary.org/internal_object_model" ID="2000048756020"><BibliographicLevelObject OrderIndex="39">MONOGRAPH</BibliographicLevelObject><CatalogingFormObject OrderIndex="38">ISBD</CatalogingFormObject><TitleObject OrderIndex="43" TitleType="MAIN"><Title>Problems and theories of philosophy</Title></TitleObject><TitleObject OrderIndex="44" TitleType="ALTERNATIVE"><Title>Zagadnienia i kierunki filozofii : teoria, poznanie, metafizyka</Title></TitleObject><IdentifierObject IdentifierType="LOCAL_IDENTIFIER" OrderIndex="30"><Identifier>b11524078</Identifier></IdentifierObject><IdentifierObject IdentifierType="OAIPMH" OrderIndex="32"><Identifier>urn:theeuropeanlibrary.org:a0232:b11524078</Identifier></IdentifierObject><IdentifierObject IdentifierType="LOCAL_IDENTIFIER" OrderIndex="41"><Identifier>b11524078</Identifier><Scope>a0232</Scope></IdentifierObject><IdentifierObject IdentifierType="ISBN" OrderIndex="42"><Identifier>0521099935</Identifier></IdentifierObject><IdentifierObject ContextLevel="RECORD" FieldSource="TEL" OrderIndex="59" PartyIdentifierType="TEL"><Identifier>3000004433113</Identifier><Scope>TEL</Scope></IdentifierObject><IdentifierObject ContextLevel="RECORD" FieldSource="TEL" OrderIndex="60" PartyIdentifierType="TEL"><Identifier>2000074662506</Identifier><Scope>TEL</Scope></IdentifierObject><IdentifierObject ContextLevel="RECORD" FieldSource="TEL" OrderIndex="61" PartyIdentifierType="TEL"><Identifier>2000077348414</Identifier><Scope>TEL</Scope></IdentifierObject><IdentifierObject ContextLevel="RECORD" FieldSource="TEL" OrderIndex="62" PartyIdentifierType="TEL"><Identifier>1000017080529</Identifier><Scope>TEL</Scope></IdentifierObject><IdentifierObject ContextLevel="RECORD" FieldSource="TEL" OrderIndex="63" PartyIdentifierType="TEL"><Identifier>1000021003751</Identifier><Scope>TEL</Scope></IdentifierObject><IdentifierObject ContextLevel="RECORD" FieldSource="TEL" OrderIndex="64" PartyIdentifierType="TEL"><Identifier>3000004194363</Identifier><Scope>TEL</Scope></IdentifierObject><IdentifierObject ContextLevel="RECORD" FieldSource="TEL" OrderIndex="65" PartyIdentifierType="TEL"><Identifier>1000020842036</Identifier><Scope>TEL</Scope></IdentifierObject><IdentifierObject ContextLevel="RECORD" FieldSource="TEL" OrderIndex="66" PartyIdentifierType="TEL"><Identifier>1000022240016</Identifier><Scope>TEL</Scope></IdentifierObject><IdentifierObject ContextLevel="RECORD" FieldSource="TEL" OrderIndex="67" PartyIdentifierType="TEL"><Identifier>2000073513500</Identifier><Scope>TEL</Scope></IdentifierObject><IdentifierObject ContextLevel="RECORD" FieldSource="TEL" OrderIndex="68" PartyIdentifierType="TEL"><Identifier>3000003309869</Identifier><Scope>TEL</Scope></IdentifierObject><IdentifierObject ContextLevel="RECORD" FieldSource="TEL" OrderIndex="69" SpatialIdentifierType="TEL"><Identifier>1000005388039</Identifier><Scope>TEL</Scope></IdentifierObject><IllustrationsObject OrderIndex="37">NO_ILLUSTRATIONS</IllustrationsObject><SpatialEntityObject OrderIndex="53" SpatialRelation="PUBLICATION"><Identifiers><Identifier>GB</Identifier><Scope>ISO3166</Scope></Identifiers></SpatialEntityObject><NamedPlaceObject OrderIndex="50" SpatialRelation="PUBLICATION"><Identifiers><Identifier>1000005388039</Identifier><Scope>TEL</Scope></Identifiers><PlaceName>Cambridge ;</PlaceName></NamedPlaceObject><NamedPlaceObject OrderIndex="51" SpatialRelation="PUBLICATION"><PlaceName>London [etc.]</PlaceName></NamedPlaceObject><PrintTypeObject OrderIndex="36">PRINTED</PrintTypeObject><ProvenanceObject OrderIndex="33"><CollectionId>a0232</CollectionId><ProviderId>P01214</ProviderId></ProvenanceObject><StatusObject OrderIndex="29">UPDATED</StatusObject><TextObject OrderIndex="56" TextRelation="EXTENT"><Content>XXI, [1], 170 s. ;</Content></TextObject><TextObject OrderIndex="57" TextRelation="EXTENT"><Content>20 cm.</Content></TextObject><OrganizationObject OrderIndex="52" PartyRelation="PUBLISHER"><PartyName>Cambridge Univ. Press</PartyName><Identifiers><Identifier>2000077348414</Identifier><Scope>TEL</Scope></Identifiers><Identifiers><Identifier>1000021003751</Identifier><Scope>TEL</Scope></Identifiers></OrganizationObject><LanguageObject LanguageRelation="LANGUAGE_OF_CONTENT" OrderIndex="49">ENG</LanguageObject><ResourceTypeObject OrderIndex="35">TEXT</ResourceTypeObject><TopicObject OrderIndex="54"><GeneralSubdivision>filozofia</GeneralSubdivision><TopicName>Wiedza</TopicName></TopicObject><TopicObject OrderIndex="55"><TopicName>Metafizyka</TopicName></TopicObject><AudienceObject OrderIndex="40">UNKNOW</AudienceObject><InstantObject OrderIndex="31" TemporalRelation="OP_LOADED"><Time>1358943214000</Time><Granularity>SECOND</Granularity><Uncertain>false</Uncertain></InstantObject><InstantObject OrderIndex="48" TemporalRelation="PUBLICATION"><Time>157766400000</Time><Granularity>YEAR</Granularity><Uncertain>false</Uncertain></InstantObject><MetadataObject FieldSource="PROVIDER" Format="marc21" OrderIndex="34"><record xmlns="info:lc/xmlns/marcxchange-v1"><leader>01101nam a2200313 i 4500</leader><controlfield tag="001">b11524078</controlfield><controlfield tag="008">981002s1975    xxk          |000 0 eng  </controlfield><datafield ind1=" " ind2=" " tag="020"><subfield code="a">0521099935</subfield></datafield><datafield ind1=" " ind2=" " tag="040"><subfield code="a">WA N</subfield><subfield code="c">WA N</subfield></datafield><datafield ind1="1" ind2=" " tag="041"><subfield code="a">eng</subfield><subfield code="h">pol</subfield></datafield><datafield ind1="1" ind2=" " tag="100"><subfield code="a">Ajdukiewicz, Kazimierz</subfield><subfield code="d">(1890-1963).</subfield></datafield><datafield ind1="1" ind2="0" tag="245"><subfield code="a">Problems and theories of philosophy /</subfield><subfield code="c">by Kazimierz Ajdukiewicz ; transl. by Henryk Skolimowski and Anthony Quinton.</subfield></datafield><datafield ind1="1" ind2=" " tag="246"><subfield code="i">Tyt. oryg.:</subfield><subfield code="a">Zagadnienia i kierunki filozofii : teoria, poznanie, metafizyka</subfield></datafield><datafield ind1=" " ind2=" " tag="260"><subfield code="a">Cambridge ;</subfield><subfield code="a">London [etc.] :</subfield><subfield code="b">Cambridge Univ. Press,</subfield><subfield code="c">1975.</subfield></datafield><datafield ind1=" " ind2=" " tag="300"><subfield code="a">XXI, [1], 170 s. ;</subfield><subfield code="c">20 cm.</subfield></datafield><datafield ind1=" " ind2="4" tag="650"><subfield code="a">Wiedza</subfield><subfield code="x">filozofia</subfield></datafield><datafield ind1=" " ind2="4" tag="650"><subfield code="a">Metafizyka</subfield></datafield><datafield ind1="1" ind2=" " tag="700"><subfield code="a">Skolimowski, Henryk</subfield><subfield code="d">(1930- ).</subfield><subfield code="e">Tł.</subfield></datafield><datafield ind1="1" ind2=" " tag="700"><subfield code="a">Quinton, Anthony.</subfield><subfield code="e">Tł.</subfield></datafield><datafield ind1=" " ind2=" " tag="902"><subfield code="a">121211</subfield><subfield code="c">981005</subfield><subfield code="d">m</subfield><subfield code="e">a</subfield><subfield code="f">-</subfield><subfield code="g">0</subfield></datafield><datafield ind1=" " ind2=" " tag="907"><subfield code="b">bk   </subfield><subfield code="c">-</subfield></datafield><datafield ind1=" " ind2=" " tag="920"><subfield code="a">0-521-09993-5 ((pbk.))</subfield></datafield><datafield ind1=" " ind2=" " tag="960"><subfield code="a">I 1.764.684</subfield><subfield code="c">bk   </subfield><subfield code="d">30001005246055</subfield><subfield code="h">1995 k 803/5</subfield><subfield code="i">Z 0,05</subfield><subfield code="k">1</subfield><subfield code="l">-</subfield><subfield code="o">1</subfield></datafield><datafield ind1=" " ind2=" " tag="960"><subfield code="a">I 1.880.011 A</subfield><subfield code="c">bk   </subfield><subfield code="h">1994 w 237/1</subfield><subfield code="i">Z 0,25</subfield><subfield code="k">1</subfield><subfield code="l">-</subfield><subfield code="o">0</subfield></datafield><datafield ind1=" " ind2=" " tag="996"><subfield code="a">.b11524078</subfield></datafield><datafield ind1=" " ind2=" " tag="998"><subfield code="a">ik</subfield><subfield code="a">o</subfield></datafield><datafield ind1=" " ind2=" " tag="999"><subfield code="a">AT</subfield><subfield code="b">js</subfield></datafield><datafield ind1=" " ind2=" " tag="999"><subfield code="a">anku</subfield></datafield><datafield ind1=" " ind2=" " tag="999"><subfield code="a">mb</subfield></datafield></record>