</MetadataObject><PersonObject OrderIndex="45" PartyRelation="CREATOR"><PartyName>Kazimierz Ajdukiewicz</PartyName><Identifiers><Identifier>2000074662506</Identifier><Scope>TEL</Scope></Identifiers><Identifiers><Identifier>1000022240016</Identifier><Scope>TEL</Scope></Identifiers><LifePeriod><Start><Time>-2524521600000</Time><Granularity>YEAR</Granularity><Uncertain>false</Uncertain></Start><End><Time>-220924800000</Time><Granularity>YEAR</Granularity><Uncertain>false</Uncertain></End></LifePeriod><FirstNames>Kazimierz</FirstNames><Surname>Ajdukiewicz</Surname></PersonObject><PersonObject OrderIndex="46" PartyRelation="CONTRIBUTOR"><PartyName>Henryk Skolimowski</PartyName><Identifiers><Identifier>2000073513500</Identifier><Scope>TEL</Scope></Identifiers><Identifiers><Identifier>3000004433113</Identifier><Scope>TEL</Scope></Identifiers><Identifiers><Identifier>1000017080529</Identifier><Scope>TEL</Scope></Identifiers><LifePeriod><Start><Time>-1262304000000</Time><Granularity>YEAR</Granularity><Uncertain>false</Uncertain></Start></LifePeriod><FirstNames>Henryk</FirstNames><Surname>Skolimowski</Surname></PersonObject><PersonObject OrderIndex="47" PartyRelation="CONTRIBUTOR"><PartyName>Anthony. Quinton</PartyName><Identifiers><Identifier>3000003309869</Identifier><Scope>TEL</Scope></Identifiers><Identifiers><Identifier>1000020842036</Identifier><Scope>TEL</Scope></Identifiers><Identifiers><Identifier>3000004194363</Identifier><Scope>TEL</Scope></Identifiers><FirstNames>Anthony.</FirstNames><Surname>Quinton</Surname></PersonObject><LinkObject FieldSource="TEL" LinkTarget="CATALOGUE_RECORD" OrderIndex="58"><Url>http://alpha.bn.org.pl/record=b1152407*pol</Url><LinkStatus>NOT_CHECKED</LinkStatus></LinkObject></MetadataRecord>
<MetadataRecord xmlns="http://theeuropeanlibrary.org/internal_object_model" ID="2000048755979"><BibliographicLevelObject OrderIndex="40">MONOGRAPH</BibliographicLevelObject><CatalogingFormObject OrderIndex="39">ISBD</CatalogingFormObject><TitleObject OrderIndex="43" TitleType="MAIN"><Title>Udział Stanisława Augusta i jego otoczenia w przygotowaniu Kodeksu dyplomatycznego Polski</Title></TitleObject><IdentifierObject IdentifierType="LOCAL_IDENTIFIER" OrderIndex="31"><Identifier>b11523621</Identifier></IdentifierObject><IdentifierObject IdentifierType="OAIPMH" OrderIndex="33"><Identifier>urn:theeuropeanlibrary.org:a0232:b11523621</Identifier></IdentifierObject><IdentifierObject IdentifierType="LOCAL_IDENTIFIER" OrderIndex="42"><Identifier>b11523621</Identifier><Scope>a0232</Scope></IdentifierObject><IdentifierObject ContextLevel="RECORD" FieldSource="TEL" OrderIndex="61" PartyIdentifierType="TEL"><Identifier>1000020970713</Identifier><Scope>TEL</Scope></IdentifierObject><IdentifierObject ContextLevel="RECORD" FieldSource="TEL" OrderIndex="62" PartyIdentifierType="TEL"><Identifier>2000076802912</Identifier><Scope>TEL</Scope></IdentifierObject><IdentifierObject ContextLevel="CONTENT" FieldSource="TEL" OrderIndex="63" PartyIdentifierType="TEL"><Identifier>1000022230546</Identifier><Scope>TEL</Scope></IdentifierObject><IdentifierObject ContextLevel="RECORD" FieldSource="TEL" OrderIndex="64" SpatialIdentifierType="TEL"><Identifier>1000001587202</Identifier><Scope>TEL</Scope></IdentifierObject><IllustrationsObject OrderIndex="38">NO_ILLUSTRATIONS</IllustrationsObject><SpatialEntityObject OrderIndex="49" SpatialRelation="PUBLICATION"><Identifiers><Identifier>PL</Identifier><Scope>ISO3166</Scope></Identifiers></SpatialEntityObject><NamedPlaceObject OrderIndex="47" SpatialRelation="PUBLICATION"><Identifiers><Identifier>1000001587202</Identifier><Scope>TEL</Scope></Identifiers><PlaceName>Warszawa</PlaceName></NamedPlaceObject><NamedPlaceObject OrderIndex="52" SpatialRelation="SUBJECT"><PlaceName>Polska</PlaceName><Subject><ChronologicalSubdivision><Instant><Time>-61599312000000</Time><Granularity>YEAR</Granularity><Uncertain>false</Uncertain></Instant></ChronologicalSubdivision></Subject></NamedPlaceObject><PrintTypeObject OrderIndex="37">PRINTED</PrintTypeObject><ProvenanceObject OrderIndex="34"><CollectionId>a0232</CollectionId><ProviderId>P01214</ProviderId></ProvenanceObject><StatusObject OrderIndex="30">UPDATED</StatusObject><TextObject OrderIndex="54" TextRelation="EXTENT"><Content>S. [1], 252-256 ;</Content></TextObject><TextObject OrderIndex="55" TextRelation="EXTENT"><Content>24 cm.</Content></TextObject><TextObject NoteType="GENERAL" OrderIndex="56" TextRelation="NOTE"><Content>Aut. pod tekstem.</Content></TextObject><TextObject NoteType="GENERAL" OrderIndex="57" TextRelation="NOTE"><Content>Wyc.: Przegląd Historyczny ; t. 12 : 1911, z. 2.</Content></TextObject><TextObject NoteType="GENERAL" OrderIndex="58" TextRelation="NOTE"><Content>Opis wg nagł.</Content></TextObject><TextObject NoteType="EXTERNAL_INDEXES" OrderIndex="59" TextRelation="NOTE"><Content>Przegląd Historyczny 1911. t. 12 z. 2.</Content></TextObject><OrganizationObject OrderIndex="48" PartyRelation="PUBLISHER"><PartyName>Tow. Miłośników Historyi w Warszawie</PartyName></OrganizationObject><LanguageObject LanguageRelation="LANGUAGE_OF_CONTENT" OrderIndex="46">POL</LanguageObject><ResourceTypeObject OrderIndex="36">TEXT</ResourceTypeObject><TopicObject OrderIndex="51"><ChronologicalSubdivision><Instant><Time>-61599312000000</Time><Granularity>YEAR</Granularity><Uncertain>false</Uncertain></Instant></ChronologicalSubdivision><GeographicSubdivision><NamedPlace><PlaceName>Polska</PlaceName></NamedPlace></GeographicSubdivision><TopicName>Dyplomatyka</TopicName></TopicObject><TopicObject OrderIndex="53"><TopicName>Biografie</TopicName></TopicObject><AudienceObject OrderIndex="41">UNKNOW</AudienceObject><InstantObject OrderIndex="32" TemporalRelation="OP_LOADED"><Time>1358943207000</Time><Granularity>SECOND</Granularity><Uncertain>false</Uncertain></InstantObject><InstantObject OrderIndex="45" TemporalRelation="PUBLICATION"><Time>-1861920000000</Time><Granularity>YEAR</Granularity><Uncertain>false</Uncertain></InstantObject><MetadataObject FieldSource="PROVIDER" Format="marc21" OrderIndex="35"><record xmlns="info:lc/xmlns/marcxchange-v1"><leader>01059nam a2200289 i 4500</leader><controlfield tag="001">b11523621</controlfield><controlfield tag="008">981002s1911    pl           |000 0 pol  </controlfield><datafield ind1=" " ind2=" " tag="040"><subfield code="a">WA N</subfield><subfield code="c">WA N</subfield></datafield><datafield ind1="1" ind2=" " tag="100"><subfield code="a">Baranowski, Ignacy Tadeusz</subfield><subfield code="d">(1879-1917).</subfield></datafield><datafield ind1="1" ind2="0" tag="245"><subfield code="a">Udział Stanisława Augusta i jego otoczenia w przygotowaniu Kodeksu dyplomatycznego Polski /</subfield><subfield code="c">[I. T. Baranowski].</subfield></datafield><datafield ind1=" " ind2=" " tag="260"><subfield code="a">[Warszawa :</subfield><subfield code="b">Tow. Miłośników Historyi w Warszawie,</subfield><subfield code="c">1911]</subfield><subfield code="e">([Warszawa :</subfield><subfield code="f">Wł. Łazarski]).</subfield></datafield><datafield ind1=" " ind2=" " tag="300"><subfield code="a">S. [1], 252-256 ;</subfield><subfield code="c">24 cm.</subfield></datafield><datafield ind1=" " ind2=" " tag="500"><subfield code="a">Aut. pod tekstem.</subfield></datafield><datafield ind1=" " ind2=" " tag="500"><subfield code="a">Wyc.: Przegląd Historyczny ; t. 12 : 1911, z. 2.</subfield></datafield><datafield ind1=" " ind2=" " tag="500"><subfield code="a">Opis wg nagł.</subfield></datafield><datafield ind1="4" ind2=" " tag="510"><subfield code="a">Przegląd Historyczny 1911</subfield><subfield code="c">t. 12 z. 2.</subfield></datafield><datafield ind1="0" ind2="4" tag="600"><subfield code="a">Stanisław August Poniatowski</subfield><subfield code="c">(król Polski ;</subfield><subfield code="d">1732-1798)</subfield></datafield><datafield ind1=" " ind2="4" tag="650"><subfield code="a">Dyplomatyka</subfield><subfield code="z">Polska</subfield><subfield code="y">18 w.</subfield></datafield><datafield ind1=" " ind2="4" tag="651"><subfield code="a">Polska</subfield><subfield code="y">18 w.</subfield></datafield><datafield ind1=" " ind2="4" tag="655"><subfield code="a">Biografie</subfield></datafield><datafield ind1=" " ind2=" " tag="902"><subfield code="a">121211</subfield><subfield code="c">981005</subfield><subfield code="d">m</subfield><subfield code="e">a</subfield><subfield code="f">-</subfield><subfield code="g">0</subfield></datafield><datafield ind1=" " ind2=" " tag="907"><subfield code="b">bk   </subfield><subfield code="c">-</subfield></datafield><datafield ind1=" " ind2=" " tag="960"><subfield code="a">II 2.029.862</subfield><subfield code="c">bk   </subfield><subfield code="h">Kras. 71330</subfield><subfield code="i">Z 150,00</subfield><subfield code="l">-</subfield><subfield code="o">1</subfield></datafield><datafield ind1=" " ind2=" " tag="996"><subfield code="a">.b11523621</subfield></datafield><datafield ind1=" " ind2=" " tag="998"><subfield code="a">ik</subfield><subfield code="a">o</subfield></datafield><datafield ind1=" " ind2=" " tag="999"><subfield code="a">mt</subfield><subfield code="b">as</subfield><subfield code="b">ae</subfield></datafield><datafield ind1=" " ind2=" " tag="999"><subfield code="a">piju</subfield></datafield></record>