</MetadataObject><PersonObject OrderIndex="44" PartyRelation="CREATOR"><PartyName>Ignacy Tadeusz Baranowski</PartyName><Identifiers><Identifier>1000020970713</Identifier><Scope>TEL</Scope></Identifiers><Identifiers><Identifier>2000076802912</Identifier><Scope>TEL</Scope></Identifiers><LifePeriod><Start><Time>-2871676800000</Time><Granularity>YEAR</Granularity><Uncertain>false</Uncertain></Start><End><Time>-1672531200000</Time><Granularity>YEAR</Granularity><Uncertain>false</Uncertain></End></LifePeriod><FirstNames>Ignacy Tadeusz</FirstNames><Surname>Baranowski</Surname></PersonObject><PersonObject OrderIndex="50" PartyRelation="SUBJECT"><PartyName>Stanisław August Poniatowski</PartyName><Identifiers><Identifier>1000022230546</Identifier><Scope>TEL</Scope></Identifiers><LifePeriod><Start><Time>-7510579200000</Time><Granularity>YEAR</Granularity><Uncertain>false</Uncertain></Start><End><Time>-5427734400000</Time><Granularity>YEAR</Granularity><Uncertain>false</Uncertain></End></LifePeriod><FirstNames>Stanisław August</FirstNames><Surname>Poniatowski</Surname></PersonObject><LinkObject FieldSource="TEL" LinkTarget="CATALOGUE_RECORD" OrderIndex="60"><Url>http://alpha.bn.org.pl/record=b1152362*pol</Url><LinkStatus>NOT_CHECKED</LinkStatus></LinkObject></MetadataRecord>
<MetadataRecord xmlns="http://theeuropeanlibrary.org/internal_object_model" ID="2000048755998"><BibliographicLevelObject OrderIndex="37">MONOGRAPH</BibliographicLevelObject><CatalogingFormObject OrderIndex="36">ISBD</CatalogingFormObject><TitleObject OrderIndex="41" TitleType="MAIN"><Title>Lista katyńska</Title><SubTitle>jeńcy obozów Kozielsk, Ostaszków, Starobielsk zaginieni w Rosji Sowieckiej</SubTitle></TitleObject><IdentifierObject IdentifierType="LOCAL_IDENTIFIER" OrderIndex="28"><Identifier>b11523827</Identifier></IdentifierObject><IdentifierObject IdentifierType="OAIPMH" OrderIndex="30"><Identifier>urn:theeuropeanlibrary.org:a0232:b11523827</Identifier></IdentifierObject><IdentifierObject IdentifierType="LOCAL_IDENTIFIER" OrderIndex="39"><Identifier>b11523827</Identifier><Scope>a0232</Scope></IdentifierObject><IdentifierObject ContextLevel="RECORD" FieldSource="TEL" OrderIndex="55" PartyIdentifierType="TEL"><Identifier>1000021581019</Identifier><Scope>TEL</Scope></IdentifierObject><IdentifierObject ContextLevel="RECORD" FieldSource="TEL" OrderIndex="56" SpatialIdentifierType="TEL"><Identifier>1000005368670</Identifier><Scope>TEL</Scope></IdentifierObject><IllustrationsObject OrderIndex="35">NO_ILLUSTRATIONS</IllustrationsObject><SpatialEntityObject OrderIndex="48" SpatialRelation="PUBLICATION"><Identifiers><Identifier>GB</Identifier><Scope>ISO3166</Scope></Identifiers></SpatialEntityObject><NamedPlaceObject OrderIndex="46" SpatialRelation="PUBLICATION"><Identifiers><Identifier>1000005368670</Identifier><Scope>TEL</Scope></Identifiers><PlaceName>Londyn</PlaceName></NamedPlaceObject><PrintTypeObject OrderIndex="34">PRINTED</PrintTypeObject><ProvenanceObject OrderIndex="31"><CollectionId>a0232</CollectionId><ProviderId>P01214</ProviderId></ProvenanceObject><StatusObject OrderIndex="27">UPDATED</StatusObject><TextObject OrderIndex="40" TextRelation="STATEMENT_OF_RESPONSIBILITY"><Content>oprac. Adam Moszyński.</Content></TextObject><TextObject OrderIndex="52" TextRelation="EXTENT"><Content>336, [3] s. ;</Content></TextObject><TextObject OrderIndex="53" TextRelation="EXTENT"><Content>22 cm.</Content></TextObject><OrganizationObject OrderIndex="47" PartyRelation="PUBLISHER"><PartyName>Gryf</PartyName></OrganizationObject><LanguageObject LanguageRelation="LANGUAGE_OF_CONTENT" OrderIndex="44">POL</LanguageObject><ResourceTypeObject OrderIndex="33">TEXT</ResourceTypeObject><TopicObject OrderIndex="49"><TopicName>Egzekucja polskich oficerów w Katyniu</TopicName></TopicObject><TopicObject OrderIndex="50"><ChronologicalSubdivision><Instant><Time>-931050000000</Time><Granularity>MONTH</Granularity><Uncertain>false</Uncertain></Instant></ChronologicalSubdivision><GeographicSubdivision><NamedPlace><PlaceName>Polska</PlaceName></NamedPlace></GeographicSubdivision><TopicName>Jeńcy wojenni</TopicName></TopicObject><TopicObject OrderIndex="51"><TopicName>Spisy</TopicName></TopicObject><AudienceObject OrderIndex="38">UNKNOW</AudienceObject><InstantObject OrderIndex="29" TemporalRelation="OP_LOADED"><Time>1358943207000</Time><Granularity>SECOND</Granularity><Uncertain>false</Uncertain></InstantObject><InstantObject OrderIndex="43" TemporalRelation="PUBLICATION"><Time>220924800000</Time><Granularity>YEAR</Granularity><Uncertain>false</Uncertain></InstantObject><MetadataObject FieldSource="PROVIDER" Format="marc21" OrderIndex="32"><record xmlns="info:lc/xmlns/marcxchange-v1"><leader>00959nam a2200265 i 4500</leader><controlfield tag="001">b11523827</controlfield><controlfield tag="008">981002s1977    xxk          |000 0 pol  </controlfield><datafield ind1=" " ind2=" " tag="040"><subfield code="a">WA N</subfield><subfield code="c">WA N</subfield></datafield><datafield ind1="1" ind2=" " tag="100"><subfield code="a">Moszyński, Adam.</subfield></datafield><datafield ind1="1" ind2="0" tag="245"><subfield code="a">Lista katyńska :</subfield><subfield code="b">jeńcy obozów Kozielsk, Ostaszków, Starobielsk zaginieni w Rosji Sowieckiej /</subfield><subfield code="c">oprac. Adam Moszyński.</subfield></datafield><datafield ind1=" " ind2=" " tag="250"><subfield code="a">[3 wyd.].</subfield></datafield><datafield ind1=" " ind2=" " tag="260"><subfield code="a">Londyn :</subfield><subfield code="b">Gryf,</subfield><subfield code="c">1977.</subfield></datafield><datafield ind1=" " ind2=" " tag="300"><subfield code="a">336, [3] s. ;</subfield><subfield code="c">22 cm.</subfield></datafield><datafield ind1=" " ind2="4" tag="650"><subfield code="a">Egzekucja polskich oficerów w Katyniu</subfield></datafield><datafield ind1=" " ind2="4" tag="650"><subfield code="a">Jeńcy wojenni</subfield><subfield code="z">Polska</subfield><subfield code="y">1939-1945 r.</subfield></datafield><datafield ind1=" " ind2="4" tag="655"><subfield code="a">Spisy</subfield></datafield><datafield ind1=" " ind2=" " tag="902"><subfield code="a">121211</subfield><subfield code="c">981005</subfield><subfield code="d">m</subfield><subfield code="e">a</subfield><subfield code="f">-</subfield><subfield code="g">0</subfield></datafield><datafield ind1=" " ind2=" " tag="907"><subfield code="b">multi</subfield><subfield code="c">-</subfield></datafield><datafield ind1=" " ind2=" " tag="960"><subfield code="a">94(438).082 Mos</subfield><subfield code="b">II 1.702.188</subfield><subfield code="c">achum</subfield><subfield code="h">1994 w 233/67</subfield><subfield code="i">Z 0,60</subfield><subfield code="k">1</subfield><subfield code="l">p</subfield><subfield code="o">1</subfield></datafield><datafield ind1=" " ind2=" " tag="960"><subfield code="a">II 1.990.700 Chr.</subfield><subfield code="c">bk   </subfield><subfield code="h">1982 w 836/9</subfield><subfield code="i">Z 0,00</subfield><subfield code="l">-</subfield><subfield code="o">19</subfield><subfield code="x">odkwaszono 2008</subfield></datafield><datafield ind1=" " ind2=" " tag="960"><subfield code="a">II 1.985.305 A Chr.</subfield><subfield code="c">bk   </subfield><subfield code="h">1982 w 183/132</subfield><subfield code="i">Z 0,00</subfield><subfield code="l">-</subfield><subfield code="o">18</subfield><subfield code="x">odkwaszono 2008</subfield></datafield><datafield ind1=" " ind2=" " tag="996"><subfield code="a">.b11523827</subfield></datafield><datafield ind1=" " ind2=" " tag="998"><subfield code="a">ik</subfield><subfield code="a">o</subfield></datafield><datafield ind1=" " ind2=" " tag="999"><subfield code="a">anno</subfield></datafield><datafield ind1=" " ind2=" " tag="999"><subfield code="a">AT</subfield><subfield code="b">js</subfield></datafield></record>