</MetadataObject><PersonObject OrderIndex="42" PartyRelation="CREATOR"><PartyName>Adam. Moszyński</PartyName><Identifiers><Identifier>1000021581019</Identifier><Scope>TEL</Scope></Identifiers><FirstNames>Adam.</FirstNames><Surname>Moszyński</Surname></PersonObject><EditionObject OrderIndex="45"><Number>3</Number><Statement>[3 wyd.].</Statement></EditionObject><LinkObject FieldSource="TEL" LinkTarget="CATALOGUE_RECORD" OrderIndex="54"><Url>http://alpha.bn.org.pl/record=b1152382*pol</Url><LinkStatus>NOT_CHECKED</LinkStatus></LinkObject></MetadataRecord>
<MetadataRecord xmlns="http://theeuropeanlibrary.org/internal_object_model" ID="2000048755989"><BibliographicLevelObject OrderIndex="36">MONOGRAPH</BibliographicLevelObject><CatalogingFormObject OrderIndex="35">ISBD</CatalogingFormObject><TitleObject OrderIndex="40" TitleType="MAIN"><Title>La situation des neutres</Title><SubTitle>la Norvège</SubTitle></TitleObject><IdentifierObject IdentifierType="LOCAL_IDENTIFIER" OrderIndex="27"><Identifier>b11523724</Identifier></IdentifierObject><IdentifierObject IdentifierType="OAIPMH" OrderIndex="29"><Identifier>urn:theeuropeanlibrary.org:a0232:b11523724</Identifier></IdentifierObject><IdentifierObject IdentifierType="LOCAL_IDENTIFIER" OrderIndex="38"><Identifier>b11523724</Identifier><Scope>a0232</Scope></IdentifierObject><IdentifierObject ContextLevel="RECORD" FieldSource="TEL" OrderIndex="53" PartyIdentifierType="TEL"><Identifier>2000075850923</Identifier><Scope>TEL</Scope></IdentifierObject><IdentifierObject ContextLevel="RECORD" FieldSource="TEL" OrderIndex="54" SpatialIdentifierType="TEL"><Identifier>1000006057437</Identifier><Scope>TEL</Scope></IdentifierObject><IdentifierObject ContextLevel="CONTENT" FieldSource="TEL" OrderIndex="55" SpatialIdentifierType="TEL"><Identifier>1000006368700</Identifier><Scope>TEL</Scope></IdentifierObject><IllustrationsObject OrderIndex="34">NO_ILLUSTRATIONS</IllustrationsObject><SpatialEntityObject OrderIndex="46" SpatialRelation="PUBLICATION"><Identifiers><Identifier>FR</Identifier><Scope>ISO3166</Scope></Identifiers></SpatialEntityObject><NamedPlaceObject OrderIndex="44" SpatialRelation="PUBLICATION"><Identifiers><Identifier>1000006057437</Identifier><Scope>TEL</Scope></Identifiers><PlaceName>Paris</PlaceName></NamedPlaceObject><NamedPlaceObject OrderIndex="48" SpatialRelation="SUBJECT"><Identifiers><Identifier>1000006368700</Identifier><Scope>TEL</Scope></Identifiers><PlaceName>Norwegia</PlaceName><Subject><GeneralSubdivision>polityka</GeneralSubdivision><ChronologicalSubdivision><Instant><Time>-61517836800000</Time><Granularity>MONTH</Granularity><Uncertain>false</Uncertain></Instant></ChronologicalSubdivision></Subject></NamedPlaceObject><PrintTypeObject OrderIndex="33">PRINTED</PrintTypeObject><ProvenanceObject OrderIndex="30"><CollectionId>a0232</CollectionId><ProviderId>P01214</ProviderId></ProvenanceObject><StatusObject OrderIndex="26">UPDATED</StatusObject><TextObject OrderIndex="39" TextRelation="STATEMENT_OF_RESPONSIBILITY"><Content>par Herman Reimers.</Content></TextObject><TextObject OrderIndex="49" TextRelation="EXTENT"><Content>23 s. ;</Content></TextObject><TextObject OrderIndex="50" TextRelation="EXTENT"><Content>24 cm.</Content></TextObject><TextObject NoteType="EXTERNAL_INDEXES" OrderIndex="51" TextRelation="NOTE"><Content>NUC Pre-1956. vol. 486 s. 680.</Content></TextObject><OrganizationObject OrderIndex="45" PartyRelation="PUBLISHER"><PartyName>Bureaux de l'Action Nationale</PartyName></OrganizationObject><LanguageObject LanguageRelation="LANGUAGE_OF_CONTENT" OrderIndex="43">FRE</LanguageObject><ResourceTypeObject OrderIndex="32">TEXT</ResourceTypeObject><TopicObject OrderIndex="47"><GeneralSubdivision>Norwegia</GeneralSubdivision><ChronologicalSubdivision><Instant><Time>-61517836800000</Time><Granularity>MONTH</Granularity><Uncertain>false</Uncertain></Instant></ChronologicalSubdivision><TopicName>Neutralność</TopicName></TopicObject><AudienceObject OrderIndex="37">UNKNOW</AudienceObject><InstantObject OrderIndex="28" TemporalRelation="OP_LOADED"><Time>1358943216000</Time><Granularity>SECOND</Granularity><Uncertain>false</Uncertain></InstantObject><InstantObject OrderIndex="42" TemporalRelation="PUBLICATION"><Time>-1672531200000</Time><Granularity>YEAR</Granularity><Uncertain>false</Uncertain></InstantObject><MetadataObject FieldSource="PROVIDER" Format="marc21" OrderIndex="31"><record xmlns="info:lc/xmlns/marcxchange-v1"><leader>00800nam a2200241 i 4500</leader><controlfield tag="001">b11523724</controlfield><controlfield tag="008">981002s1917    fr           |000 0 fre  </controlfield><datafield ind1=" " ind2=" " tag="040"><subfield code="a">WA N</subfield><subfield code="c">WA N</subfield></datafield><datafield ind1="1" ind2=" " tag="100"><subfield code="a">Reimers, Herman.</subfield></datafield><datafield ind1="1" ind2="3" tag="245"><subfield code="a">La situation des neutres :</subfield><subfield code="b">la Norvège /</subfield><subfield code="c">par Herman Reimers.</subfield></datafield><datafield ind1=" " ind2=" " tag="260"><subfield code="a">Paris :</subfield><subfield code="b">Bureaux de l'Action Nationale,</subfield><subfield code="c">1917.</subfield></datafield><datafield ind1=" " ind2=" " tag="300"><subfield code="a">23 s. ;</subfield><subfield code="c">24 cm.</subfield></datafield><datafield ind1="1" ind2=" " tag="490"><subfield code="a">Collection de l'Action Nationale</subfield></datafield><datafield ind1="4" ind2=" " tag="510"><subfield code="a">NUC Pre-1956</subfield><subfield code="c">vol. 486 s. 680.</subfield></datafield><datafield ind1=" " ind2="4" tag="650"><subfield code="a">Neutralność</subfield><subfield code="x">Norwegia</subfield><subfield code="y">19-20 w.</subfield></datafield><datafield ind1=" " ind2="4" tag="651"><subfield code="a">Norwegia</subfield><subfield code="x">polityka</subfield><subfield code="y">19-20 w.</subfield></datafield><datafield ind1=" " ind2="0" tag="830"><subfield code="a">Collection de l'Action Nationale</subfield></datafield><datafield ind1=" " ind2=" " tag="902"><subfield code="a">121211</subfield><subfield code="c">981005</subfield><subfield code="d">m</subfield><subfield code="e">a</subfield><subfield code="f">-</subfield><subfield code="g">0</subfield></datafield><datafield ind1=" " ind2=" " tag="907"><subfield code="b">bk   </subfield><subfield code="c">-</subfield></datafield><datafield ind1=" " ind2=" " tag="960"><subfield code="a">II 2.029.948</subfield><subfield code="c">bk   </subfield><subfield code="d">30001008556682</subfield><subfield code="h">Kras. 94087</subfield><subfield code="i">Z 150,00</subfield><subfield code="l">-</subfield><subfield code="o">1</subfield></datafield><datafield ind1=" " ind2=" " tag="996"><subfield code="a">.b11523724</subfield></datafield><datafield ind1=" " ind2=" " tag="998"><subfield code="a">ik</subfield><subfield code="a">o</subfield></datafield><datafield ind1=" " ind2=" " tag="999"><subfield code="a">jk</subfield><subfield code="b">as</subfield><subfield code="b">bm</subfield></datafield></record>