</MetadataObject><PersonObject OrderIndex="41" PartyRelation="CREATOR"><PartyName>Herman. Reimers</PartyName><Identifiers><Identifier>2000075850923</Identifier><Scope>TEL</Scope></Identifiers><FirstNames>Herman.</FirstNames><Surname>Reimers</Surname></PersonObject><LinkObject FieldSource="TEL" LinkTarget="CATALOGUE_RECORD" OrderIndex="52"><Url>http://alpha.bn.org.pl/record=b1152372*pol</Url><LinkStatus>NOT_CHECKED</LinkStatus></LinkObject></MetadataRecord>
<MetadataRecord xmlns="http://theeuropeanlibrary.org/internal_object_model" ID="2000048756072"><BibliographicLevelObject OrderIndex="43">MONOGRAPH</BibliographicLevelObject><CatalogingFormObject OrderIndex="42">ISBD</CatalogingFormObject><TitleObject OrderIndex="46" TitleType="MAIN"><Title>Zbrodnia katyńska w świetle dokumentów</Title></TitleObject><IdentifierObject IdentifierType="LOCAL_IDENTIFIER" OrderIndex="33"><Identifier>b11524595</Identifier></IdentifierObject><IdentifierObject IdentifierType="OAIPMH" OrderIndex="35"><Identifier>urn:theeuropeanlibrary.org:a0232:b11524595</Identifier></IdentifierObject><IdentifierObject IdentifierType="LOCAL_IDENTIFIER" OrderIndex="45"><Identifier>b11524595</Identifier><Scope>a0232</Scope></IdentifierObject><IdentifierObject ContextLevel="RECORD" FieldSource="TEL" OrderIndex="65" SpatialIdentifierType="TEL"><Identifier>1000005368670</Identifier><Scope>TEL</Scope></IdentifierObject><IllustrationsObject OrderIndex="40">ILLUSTRATIONS</IllustrationsObject><IllustrationsObject OrderIndex="41">NO_ILLUSTRATIONS</IllustrationsObject><SpatialEntityObject OrderIndex="54" SpatialRelation="PUBLICATION"><Identifiers><Identifier>GB</Identifier><Scope>ISO3166</Scope></Identifiers></SpatialEntityObject><NamedPlaceObject OrderIndex="52" SpatialRelation="PUBLICATION"><Identifiers><Identifier>1000005368670</Identifier><Scope>TEL</Scope></Identifiers><PlaceName>Londyn</PlaceName></NamedPlaceObject><PrintTypeObject OrderIndex="39">PRINTED</PrintTypeObject><ProvenanceObject OrderIndex="36"><CollectionId>a0232</CollectionId><ProviderId>P01214</ProviderId></ProvenanceObject><StatusObject OrderIndex="32">UPDATED</StatusObject><TextObject OrderIndex="58" TextRelation="FORMAT_UNCONTROLED"><Content>rys., fot., err. ;</Content></TextObject><TextObject OrderIndex="59" TextRelation="EXTENT"><Content>XX, 300 s., [68] s. tabl. :</Content></TextObject><TextObject OrderIndex="60" TextRelation="EXTENT"><Content>22 cm.</Content></TextObject><TextObject NoteType="GENERAL" OrderIndex="61" TextRelation="NOTE"><Content>Aut. wyboru: Józef Mackiewicz.</Content></TextObject><TextObject OrderIndex="62" TextRelation="DESCRIPTION"><Content>Indeks.</Content></TextObject><TextObject NoteType="EXTERNAL_INDEXES" OrderIndex="63" TextRelation="NOTE"><Content>Jastrzębski M.: Materiały do bibliogr. druków zwartych wydanych poza zasięgiem cenzury ... 1994. s. 199 poz. 2029-2037.</Content></TextObject><OrganizationObject OrderIndex="53" PartyRelation="PUBLISHER"><PartyName>"Gryf"</PartyName></OrganizationObject><LanguageObject LanguageRelation="LANGUAGE_OF_CONTENT" OrderIndex="50">POL</LanguageObject><ResourceTypeObject OrderIndex="38">TEXT</ResourceTypeObject><TopicObject OrderIndex="55"><TopicName>Egzekucja polskich oficerów w Katyniu</TopicName></TopicObject><TopicObject OrderIndex="56"><ChronologicalSubdivision><Instant><Time>-931050000000</Time><Granularity>MONTH</Granularity><Uncertain>false</Uncertain></Instant></ChronologicalSubdivision><TopicName>Pamiętniki polskie</TopicName></TopicObject><TopicObject OrderIndex="57"><TopicName>Źródła historyczne</TopicName></TopicObject><AudienceObject OrderIndex="44">UNKNOW</AudienceObject><InstantObject OrderIndex="34" TemporalRelation="OP_LOADED"><Time>1358943214000</Time><Granularity>SECOND</Granularity><Uncertain>false</Uncertain></InstantObject><InstantObject OrderIndex="49" TemporalRelation="PUBLICATION"><Time>378691200000</Time><Granularity>YEAR</Granularity><Uncertain>false</Uncertain></InstantObject><MetadataObject FieldSource="PROVIDER" Format="marc21" OrderIndex="37"><record xmlns="info:lc/xmlns/marcxchange-v1"><leader>01149nam a2200301 i 4500</leader><controlfield tag="001">b11524595</controlfield><controlfield tag="008">981002s1982    xxka         |001 0 pol d</controlfield><datafield ind1=" " ind2=" " tag="040"><subfield code="a">WA N</subfield><subfield code="c">WA N</subfield></datafield><datafield ind1="0" ind2="0" tag="245"><subfield code="a">Zbrodnia katyńska w świetle dokumentów /</subfield><subfield code="c">z przedm. Władysława Andersa.</subfield></datafield><datafield ind1=" " ind2=" " tag="250"><subfield code="a">[Wyd. 11].</subfield></datafield><datafield ind1=" " ind2=" " tag="260"><subfield code="a">Londyn :</subfield><subfield code="b">"Gryf",</subfield><subfield code="c">1982.</subfield></datafield><datafield ind1=" " ind2=" " tag="300"><subfield code="a">XX, 300 s., [68] s. tabl. :</subfield><subfield code="b">rys., fot., err. ;</subfield><subfield code="c">22 cm.</subfield></datafield><datafield ind1=" " ind2=" " tag="500"><subfield code="a">Aut. wyboru: Józef Mackiewicz.</subfield></datafield><datafield ind1=" " ind2=" " tag="504"><subfield code="a">Indeks.</subfield></datafield><datafield ind1="4" ind2=" " tag="510"><subfield code="a">Jastrzębski M.: Materiały do bibliogr. druków zwartych wydanych poza zasięgiem cenzury ... 1994</subfield><subfield code="c">s. 199 poz. 2029-2037.</subfield></datafield><datafield ind1=" " ind2="4" tag="650"><subfield code="a">Egzekucja polskich oficerów w Katyniu</subfield></datafield><datafield ind1=" " ind2="4" tag="655"><subfield code="a">Pamiętniki polskie</subfield><subfield code="y">1939-1945 r.</subfield></datafield><datafield ind1=" " ind2="4" tag="655"><subfield code="a">Źródła historyczne</subfield></datafield><datafield ind1="1" ind2=" " tag="700"><subfield code="a">Anders, Władysław</subfield><subfield code="d">(1892-1970).</subfield><subfield code="e">Przedm.</subfield></datafield><datafield ind1="1" ind2=" " tag="700"><subfield code="a">Mackiewicz, Józef</subfield><subfield code="d">(1902-1985).</subfield><subfield code="e">Wybór</subfield></datafield><datafield ind1=" " ind2=" " tag="902"><subfield code="a">121219</subfield><subfield code="c">981005</subfield><subfield code="d">m</subfield><subfield code="e">a</subfield><subfield code="f">-</subfield><subfield code="g">0</subfield></datafield><datafield ind1=" " ind2=" " tag="907"><subfield code="b">bk   </subfield><subfield code="c">-</subfield></datafield><datafield ind1=" " ind2=" " tag="960"><subfield code="a">II 1.702.161</subfield><subfield code="c">bk   </subfield><subfield code="d">30001002675447</subfield><subfield code="h">1994 w 233/110</subfield><subfield code="i">Z 2.000,00</subfield><subfield code="k">1</subfield><subfield code="l">-</subfield><subfield code="o">1</subfield></datafield><datafield ind1=" " ind2=" " tag="960"><subfield code="a">II 1.356.992 A</subfield><subfield code="c">bk   </subfield><subfield code="h">1992 d 730/85</subfield><subfield code="i">Z 0,00</subfield><subfield code="l">-</subfield><subfield code="o">0</subfield></datafield><datafield ind1=" " ind2=" " tag="996"><subfield code="a">.b11524595</subfield></datafield><datafield ind1=" " ind2=" " tag="998"><subfield code="a">ik</subfield><subfield code="a">o</subfield></datafield><datafield ind1=" " ind2=" " tag="999"><subfield code="a">anno</subfield></datafield><datafield ind1=" " ind2=" " tag="999"><subfield code="a">AT</subfield><subfield code="b">JS</subfield></datafield></record>