</MetadataObject><PersonObject OrderIndex="47" PartyRelation="CONTRIBUTOR"><PartyName>Władysław Anders</PartyName><LifePeriod><Start><Time>-2461449600000</Time><Granularity>YEAR</Granularity><Uncertain>false</Uncertain></Start><End><Time>-3600000</Time><Granularity>YEAR</Granularity><Uncertain>false</Uncertain></End></LifePeriod><FirstNames>Władysław</FirstNames><Surname>Anders</Surname></PersonObject><PersonObject OrderIndex="48" PartyRelation="CONTRIBUTOR"><PartyName>Józef Mackiewicz</PartyName><LifePeriod><Start><Time>-2145916800000</Time><Granularity>YEAR</Granularity><Uncertain>false</Uncertain></Start><End><Time>473385600000</Time><Granularity>YEAR</Granularity><Uncertain>false</Uncertain></End></LifePeriod><FirstNames>Józef</FirstNames><Surname>Mackiewicz</Surname></PersonObject><EditionObject OrderIndex="51"><Statement>[Wyd. 11].</Statement></EditionObject><LinkObject FieldSource="TEL" LinkTarget="CATALOGUE_RECORD" OrderIndex="64"><Url>http://alpha.bn.org.pl/record=b1152459*pol</Url><LinkStatus>NOT_CHECKED</LinkStatus></LinkObject></MetadataRecord>
<MetadataRecord xmlns="http://theeuropeanlibrary.org/internal_object_model" ID="2000048756095"><BibliographicLevelObject OrderIndex="35">MONOGRAPH</BibliographicLevelObject><CatalogingFormObject OrderIndex="34">ISBD</CatalogingFormObject><TitleObject OrderIndex="39" TitleType="MAIN"><Title>Treny</Title></TitleObject><IdentifierObject IdentifierType="LOCAL_IDENTIFIER" OrderIndex="26"><Identifier>b11524820</Identifier></IdentifierObject><IdentifierObject IdentifierType="OAIPMH" OrderIndex="28"><Identifier>urn:theeuropeanlibrary.org:a0232:b11524820</Identifier></IdentifierObject><IdentifierObject IdentifierType="LOCAL_IDENTIFIER" OrderIndex="37"><Identifier>b11524820</Identifier><Scope>a0232</Scope></IdentifierObject><IdentifierObject ContextLevel="RECORD" FieldSource="TEL" OrderIndex="51" PartyIdentifierType="TEL"><Identifier>1000021347808</Identifier><Scope>TEL</Scope></IdentifierObject><IdentifierObject ContextLevel="RECORD" FieldSource="TEL" OrderIndex="52" PartyIdentifierType="TEL"><Identifier>3000003834317</Identifier><Scope>TEL</Scope></IdentifierObject><IdentifierObject ContextLevel="RECORD" FieldSource="TEL" OrderIndex="53" PartyIdentifierType="TEL"><Identifier>3000003497202</Identifier><Scope>TEL</Scope></IdentifierObject><IdentifierObject ContextLevel="RECORD" FieldSource="TEL" OrderIndex="54" PartyIdentifierType="TEL"><Identifier>1000020798076</Identifier><Scope>TEL</Scope></IdentifierObject><IdentifierObject ContextLevel="RECORD" FieldSource="TEL" OrderIndex="55" PartyIdentifierType="TEL"><Identifier>1000022232705</Identifier><Scope>TEL</Scope></IdentifierObject><IdentifierObject ContextLevel="RECORD" FieldSource="TEL" OrderIndex="56" PartyIdentifierType="TEL"><Identifier>1000016929923</Identifier><Scope>TEL</Scope></IdentifierObject><IdentifierObject ContextLevel="RECORD" FieldSource="TEL" OrderIndex="57" PartyIdentifierType="TEL"><Identifier>2000074273924</Identifier><Scope>TEL</Scope></IdentifierObject><IdentifierObject ContextLevel="RECORD" FieldSource="TEL" OrderIndex="58" PartyIdentifierType="TEL"><Identifier>1000013579861</Identifier><Scope>TEL</Scope></IdentifierObject><IdentifierObject ContextLevel="RECORD" FieldSource="TEL" OrderIndex="59" PartyIdentifierType="TEL"><Identifier>2000077744913</Identifier><Scope>TEL</Scope></IdentifierObject><IdentifierObject ContextLevel="RECORD" FieldSource="TEL" OrderIndex="60" PartyIdentifierType="TEL"><Identifier>1000015639106</Identifier><Scope>TEL</Scope></IdentifierObject><IdentifierObject ContextLevel="RECORD" FieldSource="TEL" OrderIndex="61" PartyIdentifierType="TEL"><Identifier>2000077182832</Identifier><Scope>TEL</Scope></IdentifierObject><IdentifierObject ContextLevel="RECORD" FieldSource="TEL" OrderIndex="62" SpatialIdentifierType="TEL"><Identifier>1000000632400</Identifier><Scope>TEL</Scope></IdentifierObject><IllustrationsObject OrderIndex="33">NO_ILLUSTRATIONS</IllustrationsObject><SpatialEntityObject OrderIndex="46" SpatialRelation="PUBLICATION"><Identifiers><Identifier>IL</Identifier><Scope>ISO3166</Scope></Identifiers></SpatialEntityObject><NamedPlaceObject OrderIndex="44" SpatialRelation="PUBLICATION"><Identifiers><Identifier>1000000632400</Identifier><Scope>TEL</Scope></Identifiers><PlaceName>Jerozolima</PlaceName></NamedPlaceObject><PrintTypeObject OrderIndex="32">PRINTED</PrintTypeObject><ProvenanceObject OrderIndex="29"><CollectionId>a0232</CollectionId><ProviderId>P01214</ProviderId></ProvenanceObject><StatusObject OrderIndex="25">UPDATED</StatusObject><TextObject OrderIndex="48" TextRelation="EXTENT"><Content>41 s. ;</Content></TextObject><TextObject OrderIndex="49" TextRelation="EXTENT"><Content>18 cm.</Content></TextObject><OrganizationObject OrderIndex="45" PartyRelation="PUBLISHER"><PartyName>Komisja Regulaminowo-Wydawnicza Armii Polskiej na Wschodzie</PartyName></OrganizationObject><LanguageObject LanguageRelation="LANGUAGE_OF_CONTENT" OrderIndex="43">POL</LanguageObject><ResourceTypeObject OrderIndex="31">TEXT</ResourceTypeObject><TopicObject OrderIndex="47"><ChronologicalSubdivision><Instant><Time>-61662470400000</Time><Granularity>YEAR</Granularity><Uncertain>false</Uncertain></Instant></ChronologicalSubdivision><TopicName>Poezja polska</TopicName></TopicObject><AudienceObject OrderIndex="36">UNKNOW</AudienceObject><InstantObject OrderIndex="27" TemporalRelation="OP_LOADED"><Time>1358943216000</Time><Granularity>SECOND</Granularity><Uncertain>false</Uncertain></InstantObject><InstantObject OrderIndex="42" TemporalRelation="PUBLICATION"><Time>-852080400000</Time><Granularity>YEAR</Granularity><Uncertain>false</Uncertain></InstantObject><MetadataObject FieldSource="PROVIDER" Format="marc21" OrderIndex="30"><record xmlns="info:lc/xmlns/marcxchange-v1"><leader>01084nam a2200277 i 4500</leader><controlfield tag="001">b11524820</controlfield><controlfield tag="008">981002s1943    is           |000 p pol  </controlfield><datafield ind1=" " ind2=" " tag="040"><subfield code="a">WA N</subfield><subfield code="c">WA N</subfield></datafield><datafield ind1="1" ind2=" " tag="100"><subfield code="a">Kochanowski, Jan</subfield><subfield code="d">(1530-1584).</subfield></datafield><datafield ind1="1" ind2="0" tag="245"><subfield code="a">Treny /</subfield><subfield code="c">Jan Kochanowski ; z wstępem i objaśnieniami Wiktora Weintrauba ; Urząd Oświaty i Spraw Szkolnych.</subfield></datafield><datafield ind1=" " ind2=" " tag="260"><subfield code="a">Jerozolima :</subfield><subfield code="b">Komisja Regulaminowo-Wydawnicza Armii Polskiej na Wschodzie,</subfield><subfield code="c">1943.</subfield></datafield><datafield ind1=" " ind2=" " tag="300"><subfield code="a">41 s. ;</subfield><subfield code="c">18 cm.</subfield></datafield><datafield ind1="1" ind2=" " tag="490"><subfield code="a">Szkolna Biblioteczka na Wschodzie ;</subfield><subfield code="v">t. 2</subfield></datafield><datafield ind1=" " ind2="4" tag="655"><subfield code="a">Poezja polska</subfield><subfield code="y">16 w.</subfield></datafield><datafield ind1="1" ind2=" " tag="700"><subfield code="a">Weintraub, Wiktor</subfield><subfield code="d">(1908-1988).</subfield><subfield code="e">Oprac.</subfield></datafield><datafield ind1=" " ind2="0" tag="830"><subfield code="a">Szkolna Biblioteczka na Wschodzie ;</subfield><subfield code="v">t. 2</subfield></datafield><datafield ind1="4" ind2="1" tag="856"><subfield code="u">http://www.polona.pl/dlibra/doccontent2?id=1744 </subfield><subfield code="z">Reprodukcja cyfrowa w cBN Polona</subfield></datafield><datafield ind1=" " ind2=" " tag="902"><subfield code="a">121211</subfield><subfield code="c">981005</subfield><subfield code="d">m</subfield><subfield code="e">a</subfield><subfield code="f">-</subfield><subfield code="g">0</subfield></datafield><datafield ind1=" " ind2=" " tag="907"><subfield code="b">multi</subfield><subfield code="c">-</subfield></datafield><datafield ind1=" " ind2=" " tag="960"><subfield code="c">zdj  </subfield><subfield code="i">Z 0,00</subfield><subfield code="l">-</subfield><subfield code="o">24</subfield></datafield><datafield ind1=" " ind2=" " tag="960"><subfield code="a">I 1.468.413 A</subfield><subfield code="c">bk   </subfield><subfield code="h">1988 w 17/16</subfield><subfield code="i">Z 0,00</subfield><subfield code="l">-</subfield><subfield code="o">0</subfield></datafield><datafield ind1=" " ind2=" " tag="960"><subfield code="a">I 1.569.482</subfield><subfield code="c">bk   </subfield><subfield code="d">30001009456714</subfield><subfield code="h">1994 w 208/84</subfield><subfield code="i">Z 150,00</subfield><subfield code="k">2</subfield><subfield code="l">-</subfield><subfield code="o">1</subfield></datafield><datafield ind1=" " ind2=" " tag="996"><subfield code="a">.b11524820</subfield></datafield><datafield ind1=" " ind2=" " tag="998"><subfield code="a">ik</subfield><subfield code="a">o</subfield></datafield><datafield ind1=" " ind2=" " tag="999"><subfield code="a">JS</subfield></datafield><datafield ind1=" " ind2=" " tag="999"><subfield code="a">resi</subfield></datafield></record>