</MetadataObject><PersonObject OrderIndex="40" PartyRelation="CREATOR"><PartyName>Jan Kochanowski</PartyName><Identifiers><Identifier>3000003834317</Identifier><Scope>TEL</Scope></Identifiers><Identifiers><Identifier>1000015639106</Identifier><Scope>TEL</Scope></Identifiers><Identifiers><Identifier>1000022232705</Identifier><Scope>TEL</Scope></Identifiers><Identifiers><Identifier>1000020798076</Identifier><Scope>TEL</Scope></Identifiers><Identifiers><Identifier>2000077744913</Identifier><Scope>TEL</Scope></Identifiers><Identifiers><Identifier>1000021347808</Identifier><Scope>TEL</Scope></Identifiers><Identifiers><Identifier>2000077182832</Identifier><Scope>TEL</Scope></Identifiers><Identifiers><Identifier>3000003497202</Identifier><Scope>TEL</Scope></Identifiers><LifePeriod><Start><Time>-13884220800000</Time><Granularity>YEAR</Granularity><Uncertain>false</Uncertain></Start><End><Time>-12181017600000</Time><Granularity>YEAR</Granularity><Uncertain>false</Uncertain></End></LifePeriod><FirstNames>Jan</FirstNames><Surname>Kochanowski</Surname></PersonObject><PersonObject OrderIndex="41" PartyRelation="CONTRIBUTOR"><PartyName>Wiktor Weintraub</PartyName><Identifiers><Identifier>1000013579861</Identifier><Scope>TEL</Scope></Identifiers><Identifiers><Identifier>2000074273924</Identifier><Scope>TEL</Scope></Identifiers><Identifiers><Identifier>1000016929923</Identifier><Scope>TEL</Scope></Identifiers><LifePeriod><Start><Time>-1956614400000</Time><Granularity>YEAR</Granularity><Uncertain>false</Uncertain></Start><End><Time>567993600000</Time><Granularity>YEAR</Granularity><Uncertain>false</Uncertain></End></LifePeriod><FirstNames>Wiktor</FirstNames><Surname>Weintraub</Surname></PersonObject><LinkObject LinkTarget="DIGITAL_OBJECT" OrderIndex="38"><Url>http://www.polona.pl/dlibra/doccontent2?id=1744</Url><LinkStatus>NOT_CHECKED</LinkStatus></LinkObject><LinkObject FieldSource="TEL" LinkTarget="CATALOGUE_RECORD" OrderIndex="50"><Url>http://alpha.bn.org.pl/record=b1152482*pol</Url><LinkStatus>NOT_CHECKED</LinkStatus></LinkObject></MetadataRecord>
<MetadataRecord xmlns="http://theeuropeanlibrary.org/internal_object_model" ID="2000048756085"><BibliographicLevelObject OrderIndex="36">MONOGRAPH</BibliographicLevelObject><CatalogingFormObject OrderIndex="35">ISBD</CatalogingFormObject><TitleObject OrderIndex="40" TitleType="MAIN"><Title>Lìtaraturnaâ Belastoččyna</Title><SubTitle>veršy i apavjadannì</SubTitle></TitleObject><IdentifierObject IdentifierType="LOCAL_IDENTIFIER" OrderIndex="27"><Identifier>b11524728</Identifier></IdentifierObject><IdentifierObject IdentifierType="OAIPMH" OrderIndex="29"><Identifier>urn:theeuropeanlibrary.org:a0232:b11524728</Identifier></IdentifierObject><IdentifierObject IdentifierType="LOCAL_IDENTIFIER" OrderIndex="38"><Identifier>b11524728</Identifier><Scope>a0232</Scope></IdentifierObject><IdentifierObject ContextLevel="CONTENT" FieldSource="TEL" KnowledgeOrganizationSystem="TEL" OrderIndex="53"><Identifier>1000000091240</Identifier><Scope>TEL</Scope></IdentifierObject><IdentifierObject ContextLevel="CONTENT" FieldSource="TEL" KnowledgeOrganizationSystem="TEL" OrderIndex="54"><Identifier>1000000085815</Identifier><Scope>TEL</Scope></IdentifierObject><IdentifierObject ContextLevel="RECORD" FieldSource="TEL" OrderIndex="55" PartyIdentifierType="TEL"><Identifier>1000021807901</Identifier><Scope>TEL</Scope></IdentifierObject><IllustrationsObject OrderIndex="34">NO_ILLUSTRATIONS</IllustrationsObject><SpatialEntityObject OrderIndex="46" SpatialRelation="PUBLICATION"><Identifiers><Identifier>BY</Identifier><Scope>ISO3166</Scope></Identifiers></SpatialEntityObject><NamedPlaceObject OrderIndex="44" SpatialRelation="PUBLICATION"><PlaceName>Mìnsk</PlaceName></NamedPlaceObject><PrintTypeObject OrderIndex="33">PRINTED</PrintTypeObject><ProvenanceObject OrderIndex="30"><CollectionId>a0232</CollectionId><ProviderId>P01214</ProviderId></ProvenanceObject><StatusObject OrderIndex="26">UPDATED</StatusObject><TextObject OrderIndex="39" TextRelation="STATEMENT_OF_RESPONSIBILITY"><Content>[avt. Ul. Kazbâruk et al.].</Content></TextObject><TextObject OrderIndex="49" TextRelation="EXTENT"><Content>117, [3] s. ;</Content></TextObject><TextObject OrderIndex="50" TextRelation="EXTENT"><Content>21 cm.</Content></TextObject><TextObject NoteType="GENERAL" OrderIndex="51" TextRelation="NOTE"><Content>Dotyczy twórczości poetów białorus. mieszkających w Polsce.</Content></TextObject><OrganizationObject OrderIndex="45" PartyRelation="PUBLISHER"><PartyName>Mastackaja litaratura</PartyName></OrganizationObject><LanguageObject LanguageRelation="LANGUAGE_OF_CONTENT" OrderIndex="43">BEL</LanguageObject><ResourceTypeObject OrderIndex="32">TEXT</ResourceTypeObject><TopicObject OrderIndex="47"><ChronologicalSubdivision><Instant><Time>-61536240000000</Time><Granularity>YEAR</Granularity><Uncertain>false</Uncertain></Instant></ChronologicalSubdivision><TopicName>Literatura białoruska</TopicName></TopicObject><TopicObject OrderIndex="48"><TopicName>Antologie</TopicName><Identifiers><Identifier>1000000091240</Identifier><Scope>TEL</Scope></Identifiers><Identifiers><Identifier>1000000085815</Identifier><Scope>TEL</Scope></Identifiers></TopicObject><AudienceObject OrderIndex="37">UNKNOW</AudienceObject><InstantObject OrderIndex="28" TemporalRelation="OP_LOADED"><Time>1358943214000</Time><Granularity>SECOND</Granularity><Uncertain>false</Uncertain></InstantObject><InstantObject OrderIndex="42" TemporalRelation="PUBLICATION"><Time>94694400000</Time><Granularity>YEAR</Granularity><Uncertain>false</Uncertain></InstantObject><MetadataObject FieldSource="PROVIDER" Format="marc21" OrderIndex="31"><record xmlns="info:lc/xmlns/marcxchange-v1"><leader>00859nam a2200241 i 4500</leader><controlfield tag="001">b11524728</controlfield><controlfield tag="008">981002s1973    bw           |000 1 bel  </controlfield><datafield ind1=" " ind2=" " tag="040"><subfield code="a">WA N</subfield><subfield code="c">WA N</subfield></datafield><datafield ind1="0" ind2="0" tag="245"><subfield code="a">Lìtaraturnaâ Belastoččyna :</subfield><subfield code="b">veršy i apavjadannì /</subfield><subfield code="c">[avt. Ul. Kazbâruk et al.].</subfield></datafield><datafield ind1=" " ind2=" " tag="260"><subfield code="a">Mìnsk :</subfield><subfield code="b">Mastackaja litaratura,</subfield><subfield code="c">1973.</subfield></datafield><datafield ind1=" " ind2=" " tag="300"><subfield code="a">117, [3] s. ;</subfield><subfield code="c">21 cm.</subfield></datafield><datafield ind1=" " ind2=" " tag="500"><subfield code="a">Dotyczy twórczości poetów białorus. mieszkających w Polsce.</subfield></datafield><datafield ind1=" " ind2="4" tag="655"><subfield code="a">Literatura białoruska</subfield><subfield code="y">20 w.</subfield></datafield><datafield ind1=" " ind2="4" tag="655"><subfield code="a">Antologie</subfield></datafield><datafield ind1="1" ind2=" " tag="700"><subfield code="a">Kazbâruk, Uladzìmìr Mihajlovič</subfield><subfield code="d">(1923- ).</subfield></datafield><datafield ind1=" " ind2=" " tag="902"><subfield code="a">121211</subfield><subfield code="c">981005</subfield><subfield code="d">m</subfield><subfield code="e">a</subfield><subfield code="f">-</subfield><subfield code="g">0</subfield></datafield><datafield ind1=" " ind2=" " tag="907"><subfield code="b">bk   </subfield><subfield code="c">-</subfield></datafield><datafield ind1=" " ind2=" " tag="960"><subfield code="a">I 1.880.025 A</subfield><subfield code="c">bk   </subfield><subfield code="h">1994 d 528/6</subfield><subfield code="i">Z 0,10</subfield><subfield code="k">2</subfield><subfield code="l">-</subfield><subfield code="o">0</subfield><subfield code="y">Autogr.: Janov̀ič Sakrat</subfield></datafield><datafield ind1=" " ind2=" " tag="960"><subfield code="a">I 920.651</subfield><subfield code="c">bk   </subfield><subfield code="h">1973 w 586/16</subfield><subfield code="i">Z 0,00</subfield><subfield code="l">-</subfield><subfield code="o">1</subfield></datafield><datafield ind1=" " ind2=" " tag="996"><subfield code="a">.b11524728</subfield></datafield><datafield ind1=" " ind2=" " tag="998"><subfield code="a">ik</subfield><subfield code="a">o</subfield></datafield><datafield ind1=" " ind2=" " tag="999"><subfield code="a">AT</subfield><subfield code="b">js</subfield></datafield><datafield ind1=" " ind2=" " tag="999"><subfield code="a">resi</subfield></datafield></record>