</MetadataObject><PersonObject OrderIndex="40" PartyRelation="CREATOR"><PartyName>Stanisław Mackiewicz</PartyName><Identifiers><Identifier>2000077760666</Identifier><Scope>TEL</Scope></Identifiers><Identifiers><Identifier>1000021224394</Identifier><Scope>TEL</Scope></Identifiers><Identifiers><Identifier>1000022248270</Identifier><Scope>TEL</Scope></Identifiers><Identifiers><Identifier>1000021709265</Identifier><Scope>TEL</Scope></Identifiers><LifePeriod><Start><Time>-2335219200000</Time><Granularity>YEAR</Granularity><Uncertain>false</Uncertain></Start><End><Time>-126230400000</Time><Granularity>YEAR</Granularity><Uncertain>false</Uncertain></End></LifePeriod><FirstNames>Stanisław</FirstNames><Surname>Mackiewicz</Surname></PersonObject><PersonObject OrderIndex="46" PartyRelation="SUBJECT"><PartyName>Józef Beck</PartyName><Identifiers><Identifier>1000022246874</Identifier><Scope>TEL</Scope></Identifiers><Identifiers><Identifier>1000015728036</Identifier><Scope>TEL</Scope></Identifiers><Identifiers><Identifier>1000021384368</Identifier><Scope>TEL</Scope></Identifiers><Identifiers><Identifier>2000075391051</Identifier><Scope>TEL</Scope></Identifiers><Identifiers><Identifier>1000021386226</Identifier><Scope>TEL</Scope></Identifiers><LifePeriod><Start><Time>-2398291200000</Time><Granularity>YEAR</Granularity><Uncertain>false</Uncertain></Start><End><Time>-820544400000</Time><Granularity>YEAR</Granularity><Uncertain>false</Uncertain></End></LifePeriod><FirstNames>Józef</FirstNames><Surname>Beck</Surname></PersonObject><LinkObject FieldSource="TEL" LinkTarget="CATALOGUE_RECORD" OrderIndex="50"><Url>http://alpha.bn.org.pl/record=b1152427*pol</Url><LinkStatus>NOT_CHECKED</LinkStatus></LinkObject></MetadataRecord>
<MetadataRecord xmlns="http://theeuropeanlibrary.org/internal_object_model" ID="2000048756062"><BibliographicLevelObject OrderIndex="34">MONOGRAPH</BibliographicLevelObject><CatalogingFormObject OrderIndex="33">ISBD</CatalogingFormObject><TitleObject OrderIndex="38" TitleType="MAIN"><Title>Czuwanie u drzwi</Title><SubTitle>poezje</SubTitle></TitleObject><IdentifierObject IdentifierType="LOCAL_IDENTIFIER" OrderIndex="25"><Identifier>b11524492</Identifier></IdentifierObject><IdentifierObject IdentifierType="OAIPMH" OrderIndex="27"><Identifier>urn:theeuropeanlibrary.org:a0232:b11524492</Identifier></IdentifierObject><IdentifierObject IdentifierType="LOCAL_IDENTIFIER" OrderIndex="36"><Identifier>b11524492</Identifier><Scope>a0232</Scope></IdentifierObject><IdentifierObject ContextLevel="RECORD" FieldSource="TEL" OrderIndex="49" PartyIdentifierType="TEL"><Identifier>1000016069252</Identifier><Scope>TEL</Scope></IdentifierObject><IdentifierObject ContextLevel="RECORD" FieldSource="TEL" OrderIndex="50" SpatialIdentifierType="TEL"><Identifier>1000005368670</Identifier><Scope>TEL</Scope></IdentifierObject><IllustrationsObject OrderIndex="32">NO_ILLUSTRATIONS</IllustrationsObject><SpatialEntityObject OrderIndex="44" SpatialRelation="PUBLICATION"><Identifiers><Identifier>GB</Identifier><Scope>ISO3166</Scope></Identifiers></SpatialEntityObject><NamedPlaceObject OrderIndex="42" SpatialRelation="PUBLICATION"><Identifiers><Identifier>1000005368670</Identifier><Scope>TEL</Scope></Identifiers><PlaceName>Londyn</PlaceName></NamedPlaceObject><PrintTypeObject OrderIndex="31">PRINTED</PrintTypeObject><ProvenanceObject OrderIndex="28"><CollectionId>a0232</CollectionId><ProviderId>P01214</ProviderId></ProvenanceObject><StatusObject OrderIndex="24">UPDATED</StatusObject><TextObject OrderIndex="37" TextRelation="STATEMENT_OF_RESPONSIBILITY"><Content>Florian Śmieja.</Content></TextObject><TextObject OrderIndex="46" TextRelation="EXTENT"><Content>44, [2] s. ;</Content></TextObject><TextObject OrderIndex="47" TextRelation="EXTENT"><Content>22 cm.</Content></TextObject><OrganizationObject OrderIndex="43" PartyRelation="PUBLISHER"><PartyName>Pol. Tow. Literackie</PartyName></OrganizationObject><LanguageObject LanguageRelation="LANGUAGE_OF_CONTENT" OrderIndex="41">POL</LanguageObject><ResourceTypeObject OrderIndex="30">TEXT</ResourceTypeObject><TopicObject OrderIndex="45"><ChronologicalSubdivision><Instant><Time>-61536240000000</Time><Granularity>YEAR</Granularity><Uncertain>false</Uncertain></Instant></ChronologicalSubdivision><TopicName>Poezja polska</TopicName></TopicObject><AudienceObject OrderIndex="35">UNKNOW</AudienceObject><InstantObject OrderIndex="26" TemporalRelation="OP_LOADED"><Time>1358943216000</Time><Granularity>SECOND</Granularity><Uncertain>false</Uncertain></InstantObject><InstantObject OrderIndex="40" TemporalRelation="PUBLICATION"><Time>-536457600000</Time><Granularity>YEAR</Granularity><Uncertain>false</Uncertain></InstantObject><MetadataObject FieldSource="PROVIDER" Format="marc21" OrderIndex="29"><record xmlns="info:lc/xmlns/marcxchange-v1"><leader>00678nam a2200217 i 4500</leader><controlfield tag="001">b11524492</controlfield><controlfield tag="008">981002s1953    xxk          |000 p pol  </controlfield><datafield ind1=" " ind2=" " tag="040"><subfield code="a">WA N</subfield><subfield code="c">WA N</subfield></datafield><datafield ind1="1" ind2=" " tag="100"><subfield code="a">Śmieja, Florian</subfield><subfield code="d">(1925- ).</subfield></datafield><datafield ind1="1" ind2="0" tag="245"><subfield code="a">Czuwanie u drzwi :</subfield><subfield code="b">poezje /</subfield><subfield code="c">Florian Śmieja.</subfield></datafield><datafield ind1=" " ind2=" " tag="260"><subfield code="a">Londyn :</subfield><subfield code="b">Pol. Tow. Literackie,</subfield><subfield code="c">1953.</subfield></datafield><datafield ind1=" " ind2=" " tag="300"><subfield code="a">44, [2] s. ;</subfield><subfield code="c">22 cm.</subfield></datafield><datafield ind1=" " ind2="4" tag="655"><subfield code="a">Poezja polska</subfield><subfield code="y">20 w.</subfield></datafield><datafield ind1=" " ind2=" " tag="902"><subfield code="a">121211</subfield><subfield code="c">981005</subfield><subfield code="d">m</subfield><subfield code="e">a</subfield><subfield code="f">-</subfield><subfield code="g">0</subfield></datafield><datafield ind1=" " ind2=" " tag="907"><subfield code="b">bk   </subfield><subfield code="c">-</subfield></datafield><datafield ind1=" " ind2=" " tag="960"><subfield code="a">II 1.419.163 A</subfield><subfield code="c">bk   </subfield><subfield code="h">1994 w 208/212</subfield><subfield code="i">Z 200,00</subfield><subfield code="k">1</subfield><subfield code="l">-</subfield><subfield code="o">0</subfield></datafield><datafield ind1=" " ind2=" " tag="960"><subfield code="a">II 212.847</subfield><subfield code="c">bk   </subfield><subfield code="d">30001004635324</subfield><subfield code="h">1959 d 541/108</subfield><subfield code="i">Z 0,00</subfield><subfield code="l">-</subfield><subfield code="o">1</subfield></datafield><datafield ind1=" " ind2=" " tag="996"><subfield code="a">.b11524492</subfield></datafield><datafield ind1=" " ind2=" " tag="998"><subfield code="a">ik</subfield><subfield code="a">o</subfield></datafield><datafield ind1=" " ind2=" " tag="999"><subfield code="a">AT</subfield><subfield code="b">js</subfield></datafield><datafield ind1=" " ind2=" " tag="999"><subfield code="a">resi</subfield></datafield></record>