</MetadataObject><PersonObject OrderIndex="39" PartyRelation="CREATOR"><PartyName>Florian Śmieja</PartyName><Identifiers><Identifier>1000016069252</Identifier><Scope>TEL</Scope></Identifiers><LifePeriod><Start><Time>-1420070400000</Time><Granularity>YEAR</Granularity><Uncertain>false</Uncertain></Start></LifePeriod><FirstNames>Florian</FirstNames><Surname>Śmieja</Surname></PersonObject><LinkObject FieldSource="TEL" LinkTarget="CATALOGUE_RECORD" OrderIndex="48"><Url>http://alpha.bn.org.pl/record=b1152449*pol</Url><LinkStatus>NOT_CHECKED</LinkStatus></LinkObject></MetadataRecord>
<MetadataRecord xmlns="http://theeuropeanlibrary.org/internal_object_model" ID="2000048756052"><BibliographicLevelObject OrderIndex="37">MONOGRAPH</BibliographicLevelObject><CatalogingFormObject OrderIndex="36">ISBD</CatalogingFormObject><TitleObject OrderIndex="41" TitleType="MAIN"><Title>The democratic heritage of Poland</Title><SubTitle>"For your freedom and ours" : an anthology</SubTitle></TitleObject><IdentifierObject IdentifierType="LOCAL_IDENTIFIER" OrderIndex="28"><Identifier>b1152439x</Identifier></IdentifierObject><IdentifierObject IdentifierType="OAIPMH" OrderIndex="30"><Identifier>urn:theeuropeanlibrary.org:a0232:b1152439x</Identifier></IdentifierObject><IdentifierObject IdentifierType="LOCAL_IDENTIFIER" OrderIndex="39"><Identifier>b1152439x</Identifier><Scope>a0232</Scope></IdentifierObject><IdentifierObject ContextLevel="RECORD" FieldSource="TEL" OrderIndex="55" PartyIdentifierType="TEL"><Identifier>2000074774699</Identifier><Scope>TEL</Scope></IdentifierObject><IdentifierObject ContextLevel="RECORD" FieldSource="TEL" OrderIndex="56" PartyIdentifierType="TEL"><Identifier>1000021872986</Identifier><Scope>TEL</Scope></IdentifierObject><IdentifierObject ContextLevel="RECORD" FieldSource="TEL" OrderIndex="57" PartyIdentifierType="TEL"><Identifier>1000021277125</Identifier><Scope>TEL</Scope></IdentifierObject><IdentifierObject ContextLevel="RECORD" FieldSource="TEL" OrderIndex="58" PartyIdentifierType="TEL"><Identifier>1000021765860</Identifier><Scope>TEL</Scope></IdentifierObject><IdentifierObject ContextLevel="RECORD" FieldSource="TEL" OrderIndex="59" SpatialIdentifierType="TEL"><Identifier>1000005368670</Identifier><Scope>TEL</Scope></IdentifierObject><IllustrationsObject OrderIndex="35">NO_ILLUSTRATIONS</IllustrationsObject><SpatialEntityObject OrderIndex="49" SpatialRelation="PUBLICATION"><Identifiers><Identifier>GB</Identifier><Scope>ISO3166</Scope></Identifiers></SpatialEntityObject><NamedPlaceObject OrderIndex="47" SpatialRelation="PUBLICATION"><Identifiers><Identifier>1000005368670</Identifier><Scope>TEL</Scope></Identifiers><PlaceName>London</PlaceName></NamedPlaceObject><PrintTypeObject OrderIndex="34">PRINTED</PrintTypeObject><ProvenanceObject OrderIndex="31"><CollectionId>a0232</CollectionId><ProviderId>P01214</ProviderId></ProvenanceObject><StatusObject OrderIndex="27">UPDATED</StatusObject><TextObject OrderIndex="40" TextRelation="STATEMENT_OF_RESPONSIBILITY"><Content>ed. by Manfred Kridl, Józef Wittlin, Władysław Malinowski.</Content></TextObject><TextObject OrderIndex="51" TextRelation="EXTENT"><Content>236 s. ;</Content></TextObject><TextObject OrderIndex="52" TextRelation="EXTENT"><Content>23 cm.</Content></TextObject><TextObject OrderIndex="53" TextRelation="DESCRIPTION"><Content>Indeks.</Content></TextObject><OrganizationObject OrderIndex="48" PartyRelation="PUBLISHER"><PartyName>G. Allen &amp; Unwin</PartyName></OrganizationObject><LanguageObject LanguageRelation="LANGUAGE_OF_CONTENT" OrderIndex="46">ENG</LanguageObject><ResourceTypeObject OrderIndex="33">TEXT</ResourceTypeObject><TopicObject OrderIndex="50"><GeneralSubdivision>historia</GeneralSubdivision><ChronologicalSubdivision><Instant><Time>-61517836800000</Time><Granularity>MONTH</Granularity><Uncertain>false</Uncertain></Instant></ChronologicalSubdivision><TopicName>Literatura polska</TopicName></TopicObject><AudienceObject OrderIndex="38">UNKNOW</AudienceObject><InstantObject OrderIndex="29" TemporalRelation="OP_LOADED"><Time>1358943207000</Time><Granularity>SECOND</Granularity><Uncertain>false</Uncertain></InstantObject><InstantObject OrderIndex="45" TemporalRelation="PUBLICATION"><Time>-820544400000</Time><Granularity>YEAR</Granularity><Uncertain>false</Uncertain></InstantObject><MetadataObject FieldSource="PROVIDER" Format="marc21" OrderIndex="32"><record xmlns="info:lc/xmlns/marcxchange-v1"><leader>01083nam a2200277 i 4500</leader><controlfield tag="001">b1152439x</controlfield><controlfield tag="008">981002s1944    xxk          |001 0 eng d</controlfield><datafield ind1=" " ind2=" " tag="040"><subfield code="a">WA N</subfield><subfield code="c">WA N</subfield></datafield><datafield ind1="0" ind2="4" tag="245"><subfield code="a">The democratic heritage of Poland :</subfield><subfield code="b">"For your freedom and ours" : an anthology /</subfield><subfield code="c">ed. by Manfred Kridl, Józef Wittlin, Władysław Malinowski.</subfield></datafield><datafield ind1=" " ind2=" " tag="260"><subfield code="a">London :</subfield><subfield code="b">G. Allen &amp; Unwin,</subfield><subfield code="c">1944.</subfield></datafield><datafield ind1=" " ind2=" " tag="300"><subfield code="a">236 s. ;</subfield><subfield code="c">23 cm.</subfield></datafield><datafield ind1=" " ind2=" " tag="504"><subfield code="a">Indeks.</subfield></datafield><datafield ind1=" " ind2="4" tag="655"><subfield code="a">Literatura polska</subfield><subfield code="x">historia</subfield><subfield code="y">19-20 w.</subfield></datafield><datafield ind1="1" ind2=" " tag="700"><subfield code="a">Kridl, Manfred</subfield><subfield code="d">(1882-1957).</subfield><subfield code="e">Red.</subfield></datafield><datafield ind1="1" ind2=" " tag="700"><subfield code="a">Wittlin, Józef</subfield><subfield code="d">(1896-1976).</subfield><subfield code="e">Red.</subfield></datafield><datafield ind1="1" ind2=" " tag="700"><subfield code="a">Malinowski, Władysław Roman</subfield><subfield code="d">(1909- ).</subfield><subfield code="e">Red.</subfield></datafield><datafield ind1=" " ind2=" " tag="902"><subfield code="a">121219</subfield><subfield code="c">981005</subfield><subfield code="d">m</subfield><subfield code="e">a</subfield><subfield code="f">-</subfield><subfield code="g">0</subfield></datafield><datafield ind1=" " ind2=" " tag="907"><subfield code="b">bk   </subfield><subfield code="c">-</subfield></datafield><datafield ind1=" " ind2=" " tag="960"><subfield code="a">II 843.458 A</subfield><subfield code="c">bk   </subfield><subfield code="d">30001011481247</subfield><subfield code="h">1973 d 768/6</subfield><subfield code="i">Z 0,00</subfield><subfield code="l">-</subfield><subfield code="o">0</subfield><subfield code="x">odkwaszono 2010</subfield></datafield><datafield ind1=" " ind2=" " tag="960"><subfield code="a">II 1.512.802</subfield><subfield code="c">bk   </subfield><subfield code="d">30001008513944</subfield><subfield code="h">1994 d 528/5</subfield><subfield code="i">Z 500,00</subfield><subfield code="k">3</subfield><subfield code="l">-</subfield><subfield code="o">1</subfield></datafield><datafield ind1=" " ind2=" " tag="960"><subfield code="a">II 178.218</subfield><subfield code="c">bk   </subfield><subfield code="h">1958 d 310/14</subfield><subfield code="i">Z 0,00</subfield><subfield code="l">-</subfield><subfield code="o">1</subfield></datafield><datafield ind1=" " ind2=" " tag="960"><subfield code="a">II 250.635</subfield><subfield code="c">bk   </subfield><subfield code="h">1963 d 926</subfield><subfield code="i">Z 0,00</subfield><subfield code="l">-</subfield><subfield code="o">1</subfield></datafield><datafield ind1=" " ind2=" " tag="996"><subfield code="a">.b1152439x</subfield></datafield><datafield ind1=" " ind2=" " tag="998"><subfield code="a">ik</subfield><subfield code="a">o</subfield></datafield><datafield ind1=" " ind2=" " tag="999"><subfield code="a">AT</subfield><subfield code="b">JS</subfield></datafield><datafield ind1=" " ind2=" " tag="999"><subfield code="a">rodo</subfield></datafield></record>