</MetadataObject><PersonObject OrderIndex="42" PartyRelation="CONTRIBUTOR"><PartyName>Manfred Kridl</PartyName><Identifiers><Identifier>2000074774699</Identifier><Scope>TEL</Scope></Identifiers><Identifiers><Identifier>1000021277125</Identifier><Scope>TEL</Scope></Identifiers><LifePeriod><Start><Time>-2776982400000</Time><Granularity>YEAR</Granularity><Uncertain>false</Uncertain></Start><End><Time>-410227200000</Time><Granularity>YEAR</Granularity><Uncertain>false</Uncertain></End></LifePeriod><FirstNames>Manfred</FirstNames><Surname>Kridl</Surname></PersonObject><PersonObject OrderIndex="43" PartyRelation="CONTRIBUTOR"><PartyName>Józef Wittlin</PartyName><LifePeriod><Start><Time>-2335219200000</Time><Granularity>YEAR</Granularity><Uncertain>false</Uncertain></Start><End><Time>189302400000</Time><Granularity>YEAR</Granularity><Uncertain>false</Uncertain></End></LifePeriod><FirstNames>Józef</FirstNames><Surname>Wittlin</Surname></PersonObject><PersonObject OrderIndex="44" PartyRelation="CONTRIBUTOR"><PartyName>Władysław Roman Malinowski</PartyName><Identifiers><Identifier>1000021872986</Identifier><Scope>TEL</Scope></Identifiers><Identifiers><Identifier>1000021765860</Identifier><Scope>TEL</Scope></Identifiers><LifePeriod><Start><Time>-1924992000000</Time><Granularity>YEAR</Granularity><Uncertain>false</Uncertain></Start></LifePeriod><FirstNames>Władysław Roman</FirstNames><Surname>Malinowski</Surname></PersonObject><LinkObject FieldSource="TEL" LinkTarget="CATALOGUE_RECORD" OrderIndex="54"><Url>http://alpha.bn.org.pl/record=b1152439*pol</Url><LinkStatus>NOT_CHECKED</LinkStatus></LinkObject></MetadataRecord>
<MetadataRecord xmlns="http://theeuropeanlibrary.org/internal_object_model" ID="2000048756138"><BibliographicLevelObject OrderIndex="40">MONOGRAPH</BibliographicLevelObject><CatalogingFormObject OrderIndex="39">ISBD</CatalogingFormObject><TitleObject OrderIndex="44" TitleType="MAIN"><Title>Die Vergangenheit der Zukunft</Title></TitleObject><IdentifierObject IdentifierType="LOCAL_IDENTIFIER" OrderIndex="31"><Identifier>b11525253</Identifier></IdentifierObject><IdentifierObject IdentifierType="OAIPMH" OrderIndex="33"><Identifier>urn:theeuropeanlibrary.org:a0232:b11525253</Identifier></IdentifierObject><IdentifierObject IdentifierType="LOCAL_IDENTIFIER" OrderIndex="42"><Identifier>b11525253</Identifier><Scope>a0232</Scope></IdentifierObject><IdentifierObject IdentifierType="ISBN" OrderIndex="43"><Identifier>3458162631</Identifier></IdentifierObject><IdentifierObject ContextLevel="CONTENT" FieldSource="TEL" KnowledgeOrganizationSystem="TEL" OrderIndex="61"><Identifier>1000000086533</Identifier><Scope>TEL</Scope></IdentifierObject><IdentifierObject ContextLevel="RECORD" FieldSource="TEL" OrderIndex="62" SpatialIdentifierType="TEL"><Identifier>1000005931079</Identifier><Scope>TEL</Scope></IdentifierObject><IdentifierObject ContextLevel="RECORD" FieldSource="TEL" OrderIndex="63" SpatialIdentifierType="TEL"><Identifier>1000005837350</Identifier><Scope>TEL</Scope></IdentifierObject><IllustrationsObject OrderIndex="38">NO_ILLUSTRATIONS</IllustrationsObject><SpatialEntityObject OrderIndex="51" SpatialRelation="PUBLICATION"><Identifiers><Identifier>DE</Identifier><Scope>ISO3166</Scope></Identifiers></SpatialEntityObject><NamedPlaceObject OrderIndex="48" SpatialRelation="PUBLICATION"><Identifiers><Identifier>1000005931079</Identifier><Scope>TEL</Scope></Identifiers><PlaceName>Frankfurt am Main ;</PlaceName></NamedPlaceObject><NamedPlaceObject OrderIndex="49" SpatialRelation="PUBLICATION"><Identifiers><Identifier>1000005837350</Identifier><Scope>TEL</Scope></Identifiers><PlaceName>Leipzig</PlaceName></NamedPlaceObject><PrintTypeObject OrderIndex="37">PRINTED</PrintTypeObject><ProvenanceObject OrderIndex="34"><CollectionId>a0232</CollectionId><ProviderId>P01214</ProviderId></ProvenanceObject><StatusObject OrderIndex="30">UPDATED</StatusObject><TextObject OrderIndex="56" TextRelation="EXTENT"><Content>143, [1] s. ;</Content></TextObject><TextObject OrderIndex="57" TextRelation="EXTENT"><Content>20 cm.</Content></TextObject><TextObject OrderIndex="58" TextRelation="TABLE_OF_CONTENTS"><Content>Zawiera również: Dreissig Jahre später ; Leben in der AIDS-Zeit ; Versuch einer Prognose bis zum Jahr 2000 ; Vorschau auf nächste Jahrhundert / Stanisław Lem.</Content></TextObject><TextObject NoteType="EXTERNAL_INDEXES" OrderIndex="59" TextRelation="NOTE"><Content>DNB 1992. A 29 poz. 0007.</Content></TextObject><OrganizationObject OrderIndex="50" PartyRelation="PUBLISHER"><PartyName>Insel-Verl.</PartyName></OrganizationObject><LanguageObject LanguageRelation="LANGUAGE_OF_CONTENT" OrderIndex="47">GER</LanguageObject><ResourceTypeObject OrderIndex="36">TEXT</ResourceTypeObject><TopicObject OrderIndex="52"><TopicName>Cybernetyka</TopicName></TopicObject><TopicObject OrderIndex="53"><TopicName>Futurologia</TopicName></TopicObject><TopicObject OrderIndex="54"><GeneralSubdivision>prognozy</GeneralSubdivision><TopicName>Nauka</TopicName></TopicObject><TopicObject OrderIndex="55"><GeneralSubdivision>prognozy</GeneralSubdivision><TopicName>Technologia</TopicName><Identifiers><Identifier>1000000086533</Identifier><Scope>TEL</Scope></Identifiers></TopicObject><AudienceObject OrderIndex="41">UNKNOW</AudienceObject><InstantObject OrderIndex="32" TemporalRelation="OP_LOADED"><Time>1358943216000</Time><Granularity>SECOND</Granularity><Uncertain>false</Uncertain></InstantObject><InstantObject OrderIndex="46" TemporalRelation="PUBLICATION"><Time>694224000000</Time><Granularity>YEAR</Granularity><Uncertain>false</Uncertain></InstantObject><MetadataObject FieldSource="PROVIDER" Format="marc21" OrderIndex="35"><record xmlns="info:lc/xmlns/marcxchange-v1"><leader>01289nam a2200337 i 4500</leader><controlfield tag="001">b11525253</controlfield><controlfield tag="008">981002s1992    gw           |000 0 ger  </controlfield><datafield ind1=" " ind2=" " tag="020"><subfield code="a">3458162631</subfield></datafield><datafield ind1=" " ind2=" " tag="040"><subfield code="a">WA N</subfield><subfield code="c">WA N</subfield></datafield><datafield ind1="1" ind2=" " tag="100"><subfield code="a">Lem, Stanisław</subfield><subfield code="d">(1921-2006).</subfield></datafield><datafield ind1="1" ind2="4" tag="245"><subfield code="a">Die Vergangenheit der Zukunft /</subfield><subfield code="c">Stanisław Lem.</subfield></datafield><datafield ind1=" " ind2=" " tag="260"><subfield code="a">Frankfurt am Main ;</subfield><subfield code="a">Leipzig :</subfield><subfield code="b">Insel-Verl.,</subfield><subfield code="c">1992.</subfield></datafield><datafield ind1=" " ind2=" " tag="300"><subfield code="a">143, [1] s. ;</subfield><subfield code="c">20 cm.</subfield></datafield><datafield ind1=" " ind2=" " tag="505"><subfield code="a">Zawiera również: Dreissig Jahre später ; Leben in der AIDS-Zeit ; Versuch einer Prognose bis zum Jahr 2000 ; Vorschau auf nächste Jahrhundert / Stanisław Lem.</subfield></datafield><datafield ind1="4" ind2=" " tag="510"><subfield code="a">DNB 1992</subfield><subfield code="c">A 29 poz. 0007.</subfield></datafield><datafield ind1=" " ind2="4" tag="650"><subfield code="a">Cybernetyka</subfield></datafield><datafield ind1=" " ind2="4" tag="650"><subfield code="a">Futurologia</subfield></datafield><datafield ind1=" " ind2="4" tag="650"><subfield code="a">Nauka</subfield><subfield code="x">prognozy</subfield></datafield><datafield ind1=" " ind2="4" tag="650"><subfield code="a">Technologia</subfield><subfield code="x">prognozy</subfield></datafield><datafield ind1="1" ind2="2" tag="700"><subfield code="a">Lem, Stanisław</subfield><subfield code="d">(1921-2006).</subfield><subfield code="t">Dreissig Jahre später</subfield></datafield><datafield ind1="1" ind2="2" tag="700"><subfield code="a">Lem, Stanisław</subfield><subfield code="d">(1921-2006).</subfield><subfield code="t">Leben in der AIDS-Zeit</subfield></datafield><datafield ind1="1" ind2="2" tag="700"><subfield code="a">Lem, Stanisław</subfield><subfield code="d">(1921-2006).</subfield><subfield code="t">Vorschau auf nc̈hste Jahrhundert</subfield></datafield><datafield ind1="1" ind2="2" tag="700"><subfield code="a">Lem, Stanisław</subfield><subfield code="d">(1921-2006).</subfield><subfield code="t">Versuch einer Prognose bis zum Jahr 2000</subfield></datafield><datafield ind1=" " ind2=" " tag="902"><subfield code="a">121211</subfield><subfield code="c">981005</subfield><subfield code="d">m</subfield><subfield code="e">a</subfield><subfield code="f">-</subfield><subfield code="g">0</subfield></datafield><datafield ind1=" " ind2=" " tag="907"><subfield code="b">bk   </subfield><subfield code="c">-</subfield></datafield><datafield ind1=" " ind2=" " tag="920"><subfield code="a">3-458-16263-1</subfield></datafield><datafield ind1=" " ind2=" " tag="960"><subfield code="a">I 1.880.005 A</subfield><subfield code="c">bk   </subfield><subfield code="h">1994 w 254/17</subfield><subfield code="i">Z 0,25</subfield><subfield code="k">1</subfield><subfield code="l">-</subfield><subfield code="o">0</subfield></datafield><datafield ind1=" " ind2=" " tag="996"><subfield code="a">.b11525253</subfield></datafield><datafield ind1=" " ind2=" " tag="998"><subfield code="a">ik</subfield><subfield code="a">o</subfield></datafield><datafield ind1=" " ind2=" " tag="999"><subfield code="a">AT</subfield><subfield code="b">js</subfield></datafield><datafield ind1=" " ind2=" " tag="999"><subfield code="a">rodo</subfield></datafield></record>