</MetadataObject><PersonObject OrderIndex="45" PartyRelation="CREATOR"><PartyName>Stanisław Lem</PartyName><LifePeriod><Start><Time>-1546300800000</Time><Granularity>YEAR</Granularity><Uncertain>false</Uncertain></Start><End><Time>1136073600000</Time><Granularity>YEAR</Granularity><Uncertain>false</Uncertain></End></LifePeriod><FirstNames>Stanisław</FirstNames><Surname>Lem</Surname></PersonObject><LinkObject FieldSource="TEL" LinkTarget="CATALOGUE_RECORD" OrderIndex="60"><Url>http://alpha.bn.org.pl/record=b1152525*pol</Url><LinkStatus>NOT_CHECKED</LinkStatus></LinkObject></MetadataRecord>
<MetadataRecord xmlns="http://theeuropeanlibrary.org/internal_object_model" ID="2000048756129"><BibliographicLevelObject OrderIndex="37">MONOGRAPH</BibliographicLevelObject><CatalogingFormObject OrderIndex="36">ISBD</CatalogingFormObject><TitleObject OrderIndex="41" TitleType="MAIN"><Title>Briefe der Liebe</Title></TitleObject><TitleObject OrderIndex="42" TitleType="ALTERNATIVE"><Title>Listy miłości</Title></TitleObject><IdentifierObject IdentifierType="LOCAL_IDENTIFIER" OrderIndex="28"><Identifier>b11525162</Identifier></IdentifierObject><IdentifierObject IdentifierType="OAIPMH" OrderIndex="30"><Identifier>urn:theeuropeanlibrary.org:a0232:b11525162</Identifier></IdentifierObject><IdentifierObject IdentifierType="LOCAL_IDENTIFIER" OrderIndex="39"><Identifier>b11525162</Identifier><Scope>a0232</Scope></IdentifierObject><IdentifierObject IdentifierType="ISBN" OrderIndex="40"><Identifier>3100519051</Identifier></IdentifierObject><IdentifierObject ContextLevel="RECORD" FieldSource="TEL" OrderIndex="55" PartyIdentifierType="TEL"><Identifier>1000017204229</Identifier><Scope>TEL</Scope></IdentifierObject><IdentifierObject ContextLevel="RECORD" FieldSource="TEL" OrderIndex="56" PartyIdentifierType="TEL"><Identifier>2000077838574</Identifier><Scope>TEL</Scope></IdentifierObject><IdentifierObject ContextLevel="RECORD" FieldSource="TEL" OrderIndex="57" PartyIdentifierType="TEL"><Identifier>3000002904698</Identifier><Scope>TEL</Scope></IdentifierObject><IdentifierObject ContextLevel="RECORD" FieldSource="TEL" OrderIndex="58" PartyIdentifierType="TEL"><Identifier>1000022076536</Identifier><Scope>TEL</Scope></IdentifierObject><IdentifierObject ContextLevel="RECORD" FieldSource="TEL" OrderIndex="59" PartyIdentifierType="TEL"><Identifier>1000020868747</Identifier><Scope>TEL</Scope></IdentifierObject><IdentifierObject ContextLevel="RECORD" FieldSource="TEL" OrderIndex="60" SpatialIdentifierType="TEL"><Identifier>1000005931079</Identifier><Scope>TEL</Scope></IdentifierObject><IllustrationsObject OrderIndex="35">NO_ILLUSTRATIONS</IllustrationsObject><SpatialEntityObject OrderIndex="50" SpatialRelation="PUBLICATION"><Identifiers><Identifier>DE</Identifier><Scope>ISO3166</Scope></Identifiers></SpatialEntityObject><NamedPlaceObject OrderIndex="48" SpatialRelation="PUBLICATION"><Identifiers><Identifier>1000005931079</Identifier><Scope>TEL</Scope></Identifiers><PlaceName>Frankfurt am Main</PlaceName></NamedPlaceObject><PrintTypeObject OrderIndex="34">PRINTED</PrintTypeObject><ProvenanceObject OrderIndex="31"><CollectionId>a0232</CollectionId><ProviderId>P01214</ProviderId></ProvenanceObject><StatusObject OrderIndex="27">UPDATED</StatusObject><TextObject OrderIndex="52" TextRelation="EXTENT"><Content>255, [1] s. ;</Content></TextObject><TextObject OrderIndex="53" TextRelation="EXTENT"><Content>21 cm.</Content></TextObject><OrganizationObject OrderIndex="49" PartyRelation="PUBLISHER"><PartyName>S. Fischer</PartyName><Identifiers><Identifier>1000022076536</Identifier><Scope>TEL</Scope></Identifiers></OrganizationObject><LanguageObject LanguageRelation="LANGUAGE_OF_CONTENT" OrderIndex="46">GER</LanguageObject><ResourceTypeObject OrderIndex="33">TEXT</ResourceTypeObject><TopicObject OrderIndex="51"><ChronologicalSubdivision><Instant><Time>-61536240000000</Time><Granularity>YEAR</Granularity><Uncertain>false</Uncertain></Instant></ChronologicalSubdivision><TopicName>Powieść polska</TopicName></TopicObject><AudienceObject OrderIndex="38">UNKNOW</AudienceObject><InstantObject OrderIndex="29" TemporalRelation="OP_LOADED"><Time>1358943214000</Time><Granularity>SECOND</Granularity><Uncertain>false</Uncertain></InstantObject><InstantObject OrderIndex="45" TemporalRelation="PUBLICATION"><Time>757382400000</Time><Granularity>YEAR</Granularity><Uncertain>false</Uncertain></InstantObject><MetadataObject FieldSource="PROVIDER" Format="marc21" OrderIndex="32"><record xmlns="info:lc/xmlns/marcxchange-v1"><leader>00981nam a2200301 i 4500</leader><controlfield tag="001">b11525162</controlfield><controlfield tag="008">981002s1994    gw           |000 f ger  </controlfield><datafield ind1=" " ind2=" " tag="020"><subfield code="a">3100519051</subfield></datafield><datafield ind1=" " ind2=" " tag="040"><subfield code="a">WA N</subfield><subfield code="c">WA N</subfield></datafield><datafield ind1="1" ind2=" " tag="041"><subfield code="a">ger</subfield><subfield code="h">pol</subfield></datafield><datafield ind1="1" ind2=" " tag="100"><subfield code="a">Nurowska, Maria</subfield><subfield code="d">(1944- ).</subfield></datafield><datafield ind1="1" ind2="0" tag="245"><subfield code="a">Briefe der Liebe /</subfield><subfield code="c">Maria Nurowska ; aus dem Poln. von Albrecht Lempp.</subfield></datafield><datafield ind1="1" ind2=" " tag="246"><subfield code="i">Tyt. oryg.:</subfield><subfield code="a">Listy miłości</subfield></datafield><datafield ind1=" " ind2=" " tag="250"><subfield code="a">[7. Aufl.]</subfield><subfield code="a">[44.-48. Tsd].</subfield></datafield><datafield ind1=" " ind2=" " tag="260"><subfield code="a">Frankfurt am Main :</subfield><subfield code="b">S. Fischer,</subfield><subfield code="c">[1994],</subfield><subfield code="g">(print. 1994).</subfield></datafield><datafield ind1=" " ind2=" " tag="300"><subfield code="a">255, [1] s. ;</subfield><subfield code="c">21 cm.</subfield></datafield><datafield ind1=" " ind2="4" tag="655"><subfield code="a">Powieść polska</subfield><subfield code="y">20 w.</subfield></datafield><datafield ind1="1" ind2=" " tag="700"><subfield code="a">Lempp, Albrecht</subfield><subfield code="d">(1953-2012).</subfield><subfield code="e">Tł.</subfield></datafield><datafield ind1=" " ind2=" " tag="902"><subfield code="a">121211</subfield><subfield code="c">981005</subfield><subfield code="d">m</subfield><subfield code="e">a</subfield><subfield code="f">-</subfield><subfield code="g">0</subfield></datafield><datafield ind1=" " ind2=" " tag="907"><subfield code="b">bk   </subfield><subfield code="c">-</subfield></datafield><datafield ind1=" " ind2=" " tag="920"><subfield code="a">3-10-051905-1</subfield></datafield><datafield ind1=" " ind2=" " tag="960"><subfield code="a">II 1.702.452</subfield><subfield code="c">bk   </subfield><subfield code="d">30001005175221</subfield><subfield code="h">1995 w 445/12</subfield><subfield code="i">Z 0,18</subfield><subfield code="k">2</subfield><subfield code="l">-</subfield><subfield code="o">1</subfield></datafield><datafield ind1=" " ind2=" " tag="960"><subfield code="a">II 1.840.574 A</subfield><subfield code="c">bk   </subfield><subfield code="d">30001009348323</subfield><subfield code="h">1994 d 527/8</subfield><subfield code="i">Z 0,25</subfield><subfield code="k">2</subfield><subfield code="l">-</subfield><subfield code="o">0</subfield></datafield><datafield ind1=" " ind2=" " tag="996"><subfield code="a">.b11525162</subfield></datafield><datafield ind1=" " ind2=" " tag="998"><subfield code="a">ik</subfield><subfield code="a">o</subfield></datafield><datafield ind1=" " ind2=" " tag="999"><subfield code="a">AT</subfield><subfield code="b">js</subfield></datafield><datafield ind1=" " ind2=" " tag="999"><subfield code="a">resi</subfield></datafield><datafield ind1=" " ind2=" " tag="999"><subfield code="a">ae</subfield></datafield></record>