</MetadataObject><PersonObject OrderIndex="43" PartyRelation="CREATOR"><PartyName>Maria Nurowska</PartyName><Identifiers><Identifier>1000017204229</Identifier><Scope>TEL</Scope></Identifiers><Identifiers><Identifier>3000002904698</Identifier><Scope>TEL</Scope></Identifiers><LifePeriod><Start><Time>-820544400000</Time><Granularity>YEAR</Granularity><Uncertain>false</Uncertain></Start></LifePeriod><FirstNames>Maria</FirstNames><Surname>Nurowska</Surname></PersonObject><PersonObject OrderIndex="44" PartyRelation="CONTRIBUTOR"><PartyName>Albrecht Lempp</PartyName><Identifiers><Identifier>2000077838574</Identifier><Scope>TEL</Scope></Identifiers><Identifiers><Identifier>1000020868747</Identifier><Scope>TEL</Scope></Identifiers><LifePeriod><Start><Time>-536457600000</Time><Granularity>YEAR</Granularity><Uncertain>false</Uncertain></Start><End><Time>1325376000000</Time><Granularity>YEAR</Granularity><Uncertain>false</Uncertain></End></LifePeriod><FirstNames>Albrecht</FirstNames><Surname>Lempp</Surname></PersonObject><EditionObject OrderIndex="47"><Number>7</Number><Statement>[7. Aufl.]</Statement></EditionObject><LinkObject FieldSource="TEL" LinkTarget="CATALOGUE_RECORD" OrderIndex="54"><Url>http://alpha.bn.org.pl/record=b1152516*pol</Url><LinkStatus>NOT_CHECKED</LinkStatus></LinkObject></MetadataRecord>
<MetadataRecord xmlns="http://theeuropeanlibrary.org/internal_object_model" ID="2000048756151"><BibliographicLevelObject OrderIndex="42">MONOGRAPH</BibliographicLevelObject><CatalogingFormObject OrderIndex="41">ISBD</CatalogingFormObject><TitleObject OrderIndex="46" TitleType="MAIN"><Title>Double eagle</Title><SubTitle>the autobiography of a Polish spy who defected to the West</SubTitle></TitleObject><IdentifierObject IdentifierType="LOCAL_IDENTIFIER" OrderIndex="32"><Identifier>b11525381</Identifier></IdentifierObject><IdentifierObject IdentifierType="OAIPMH" OrderIndex="34"><Identifier>urn:theeuropeanlibrary.org:a0232:b11525381</Identifier></IdentifierObject><IdentifierObject IdentifierType="LOCAL_IDENTIFIER" OrderIndex="44"><Identifier>b11525381</Identifier><Scope>a0232</Scope></IdentifierObject><IdentifierObject ContextLevel="RECORD" FieldSource="TEL" OrderIndex="63" PartyIdentifierType="TEL"><Identifier>1000008907018</Identifier><Scope>TEL</Scope></IdentifierObject><IdentifierObject ContextLevel="RECORD" FieldSource="TEL" OrderIndex="64" PartyIdentifierType="TEL"><Identifier>1000007102002</Identifier><Scope>TEL</Scope></IdentifierObject><IdentifierObject ContextLevel="RECORD" FieldSource="TEL" OrderIndex="65" PartyIdentifierType="TEL"><Identifier>1000006530203</Identifier><Scope>TEL</Scope></IdentifierObject><IdentifierObject ContextLevel="RECORD" FieldSource="TEL" OrderIndex="66" SpatialIdentifierType="TEL"><Identifier>1000008618861</Identifier><Scope>TEL</Scope></IdentifierObject><IdentifierObject ContextLevel="RECORD" FieldSource="TEL" OrderIndex="67" SpatialIdentifierType="TEL"><Identifier>1000010381289</Identifier><Scope>TEL</Scope></IdentifierObject><IllustrationsObject OrderIndex="39">ILLUSTRATIONS</IllustrationsObject><IllustrationsObject OrderIndex="40">NO_ILLUSTRATIONS</IllustrationsObject><SpatialEntityObject OrderIndex="55" SpatialRelation="PUBLICATION"><Identifiers><Identifier>US</Identifier><Scope>ISO3166</Scope></Identifiers></SpatialEntityObject><NamedPlaceObject OrderIndex="52" SpatialRelation="PUBLICATION"><Identifiers><Identifier>1000008618861</Identifier><Scope>TEL</Scope></Identifiers><PlaceName>Indianapolis ;</PlaceName></NamedPlaceObject><NamedPlaceObject OrderIndex="53" SpatialRelation="PUBLICATION"><Identifiers><Identifier>1000010381289</Identifier><Scope>TEL</Scope></Identifiers><PlaceName>New York</PlaceName></NamedPlaceObject><PrintTypeObject OrderIndex="38">PRINTED</PrintTypeObject><ProvenanceObject OrderIndex="35"><CollectionId>a0232</CollectionId><ProviderId>P01214</ProviderId></ProvenanceObject><StatusObject OrderIndex="31">UPDATED</StatusObject><TextObject OrderIndex="45" TextRelation="STATEMENT_OF_RESPONSIBILITY"><Content>Mr.X with Bruce E. Henderson and C.C. Cyr.</Content></TextObject><TextObject OrderIndex="58" TextRelation="FORMAT_UNCONTROLED"><Content>rys. ;</Content></TextObject><TextObject OrderIndex="59" TextRelation="EXTENT"><Content>X, [2], 227 s. :</Content></TextObject><TextObject OrderIndex="60" TextRelation="EXTENT"><Content>24 cm.</Content></TextObject><TextObject OrderIndex="61" TextRelation="DESCRIPTION"><Content>Indeks.</Content></TextObject><OrganizationObject OrderIndex="54" PartyRelation="PUBLISHER"><PartyName>The Bobbs-Merrill Com.</PartyName></OrganizationObject><LanguageObject LanguageRelation="LANGUAGE_OF_CONTENT" OrderIndex="51">ENG</LanguageObject><ResourceTypeObject OrderIndex="37">TEXT</ResourceTypeObject><TopicObject OrderIndex="56"><ChronologicalSubdivision><Instant><Time>-773287200000</Time><Granularity>MONTH</Granularity><Uncertain>false</Uncertain></Instant></ChronologicalSubdivision><TopicName>Wywiad polski</TopicName></TopicObject><TopicObject OrderIndex="57"><ChronologicalSubdivision><Instant><Time>-741747600000</Time><Granularity>MONTH</Granularity><Uncertain>false</Uncertain></Instant></ChronologicalSubdivision><TopicName>Publicystyka amerykańska</TopicName></TopicObject><AudienceObject OrderIndex="43">UNKNOW</AudienceObject><InstantObject OrderIndex="33" TemporalRelation="OP_LOADED"><Time>1358943214000</Time><Granularity>SECOND</Granularity><Uncertain>false</Uncertain></InstantObject><InstantObject OrderIndex="50" TemporalRelation="PUBLICATION"><Time>283996800000</Time><Granularity>YEAR</Granularity><Uncertain>false</Uncertain></InstantObject><MetadataObject FieldSource="PROVIDER" Format="marc21" OrderIndex="36"><record xmlns="info:lc/xmlns/marcxchange-v1"><leader>00983nam a2200277 i 4500</leader><controlfield tag="001">b11525381</controlfield><controlfield tag="008">981002s1979    xxua         |001 0 eng d</controlfield><datafield ind1=" " ind2=" " tag="040"><subfield code="a">WA N</subfield><subfield code="c">WA N</subfield></datafield><datafield ind1="1" ind2=" " tag="100"><subfield code="a">Mr. X.</subfield></datafield><datafield ind1="1" ind2="0" tag="245"><subfield code="a">Double eagle :</subfield><subfield code="b">the autobiography of a Polish spy who defected to the West /</subfield><subfield code="c">Mr.X with Bruce E. Henderson and C.C. Cyr.</subfield></datafield><datafield ind1=" " ind2=" " tag="260"><subfield code="a">Indianapolis ;</subfield><subfield code="a">New York :</subfield><subfield code="b">The Bobbs-Merrill Com.,</subfield><subfield code="c">cop. 1979.</subfield></datafield><datafield ind1=" " ind2=" " tag="300"><subfield code="a">X, [2], 227 s. :</subfield><subfield code="b">rys. ;</subfield><subfield code="c">24 cm.</subfield></datafield><datafield ind1=" " ind2=" " tag="504"><subfield code="a">Indeks.</subfield></datafield><datafield ind1=" " ind2="4" tag="650"><subfield code="a">Wywiad polski</subfield><subfield code="y">1944-1989 r.</subfield></datafield><datafield ind1=" " ind2="4" tag="655"><subfield code="a">Publicystyka amerykańska</subfield><subfield code="y">1945-1989 r.</subfield></datafield><datafield ind1="1" ind2=" " tag="700"><subfield code="a">Henderson, Bruce E.</subfield><subfield code="d">(1929- )</subfield></datafield><datafield ind1="1" ind2=" " tag="700"><subfield code="a">Cyr, C. C.</subfield></datafield><datafield ind1=" " ind2=" " tag="902"><subfield code="a">121219</subfield><subfield code="c">981005</subfield><subfield code="d">m</subfield><subfield code="e">a</subfield><subfield code="f">-</subfield><subfield code="g">0</subfield></datafield><datafield ind1=" " ind2=" " tag="907"><subfield code="b">bk   </subfield><subfield code="c">-</subfield></datafield><datafield ind1=" " ind2=" " tag="960"><subfield code="a">II 1.702.303</subfield><subfield code="c">bk   </subfield><subfield code="d">30001005173770</subfield><subfield code="h">1994 d 582/11</subfield><subfield code="i">Z 0,25</subfield><subfield code="k">2</subfield><subfield code="l">-</subfield><subfield code="o">1</subfield></datafield><datafield ind1=" " ind2=" " tag="960"><subfield code="a">II 1.233.348 A</subfield><subfield code="c">bk   </subfield><subfield code="d">30001015205122</subfield><subfield code="h">1980 w 777/1</subfield><subfield code="i">Z 0,00</subfield><subfield code="l">-</subfield><subfield code="o">0</subfield><subfield code="x">odkwaszono 2011</subfield></datafield><datafield ind1=" " ind2=" " tag="996"><subfield code="a">.b11525381</subfield></datafield><datafield ind1=" " ind2=" " tag="998"><subfield code="a">ik</subfield><subfield code="a">o</subfield></datafield><datafield ind1=" " ind2=" " tag="999"><subfield code="a">AT</subfield><subfield code="b">js</subfield></datafield><datafield ind1=" " ind2=" " tag="999"><subfield code="a">anno</subfield><subfield code="a">resi</subfield></datafield><datafield ind1=" " ind2=" " tag="999"><subfield code="a">mb</subfield></datafield></record>