</MetadataObject><PersonObject OrderIndex="47" PartyRelation="CREATOR"><PartyName>Mr. X.</PartyName><FirstNames>Mr.</FirstNames><Surname>X.</Surname></PersonObject><PersonObject OrderIndex="48" PartyRelation="CONTRIBUTOR"><PartyName>Bruce E. Henderson</PartyName><Identifiers><Identifier>1000008907018</Identifier><Scope>TEL</Scope></Identifiers><Identifiers><Identifier>1000007102002</Identifier><Scope>TEL</Scope></Identifiers><LifePeriod><Start><Time>-1293840000000</Time><Granularity>YEAR</Granularity><Uncertain>false</Uncertain></Start></LifePeriod><FirstNames>Bruce E.</FirstNames><Surname>Henderson</Surname></PersonObject><PersonObject OrderIndex="49" PartyRelation="CONTRIBUTOR"><PartyName>C. C. Cyr</PartyName><Identifiers><Identifier>1000006530203</Identifier><Scope>TEL</Scope></Identifiers><FirstNames>C. C.</FirstNames><Surname>Cyr</Surname></PersonObject><LinkObject FieldSource="TEL" LinkTarget="CATALOGUE_RECORD" OrderIndex="62"><Url>http://alpha.bn.org.pl/record=b1152538*pol</Url><LinkStatus>NOT_CHECKED</LinkStatus></LinkObject></MetadataRecord>
<MetadataRecord xmlns="http://theeuropeanlibrary.org/internal_object_model" ID="2000048756109"><BibliographicLevelObject OrderIndex="38">MONOGRAPH</BibliographicLevelObject><CatalogingFormObject OrderIndex="37">ISBD</CatalogingFormObject><TitleObject OrderIndex="42" TitleType="MAIN"><Title>Reise nach Polgsen, polnisch Pełczyn</Title></TitleObject><IdentifierObject IdentifierType="LOCAL_IDENTIFIER" OrderIndex="29"><Identifier>b11524960</Identifier></IdentifierObject><IdentifierObject IdentifierType="OAIPMH" OrderIndex="31"><Identifier>urn:theeuropeanlibrary.org:a0232:b11524960</Identifier></IdentifierObject><IdentifierObject IdentifierType="LOCAL_IDENTIFIER" OrderIndex="40"><Identifier>b11524960</Identifier><Scope>a0232</Scope></IdentifierObject><IdentifierObject IdentifierType="ISBN" OrderIndex="41"><Identifier>3878773900</Identifier></IdentifierObject><IdentifierObject ContextLevel="RECORD" FieldSource="TEL" OrderIndex="57" PartyIdentifierType="TEL"><Identifier>3000003053704</Identifier><Scope>TEL</Scope></IdentifierObject><IdentifierObject ContextLevel="RECORD" FieldSource="TEL" OrderIndex="58" PartyIdentifierType="TEL"><Identifier>1000022282990</Identifier><Scope>TEL</Scope></IdentifierObject><IdentifierObject ContextLevel="RECORD" FieldSource="TEL" OrderIndex="59" PartyIdentifierType="TEL"><Identifier>1000016646659</Identifier><Scope>TEL</Scope></IdentifierObject><IdentifierObject ContextLevel="CONTENT" FieldSource="TEL" OrderIndex="60" PartyIdentifierType="TEL"><Identifier>3000003053704</Identifier><Scope>TEL</Scope></IdentifierObject><IdentifierObject ContextLevel="CONTENT" FieldSource="TEL" OrderIndex="61" PartyIdentifierType="TEL"><Identifier>1000016646659</Identifier><Scope>TEL</Scope></IdentifierObject><IdentifierObject ContextLevel="RECORD" FieldSource="TEL" OrderIndex="62" SpatialIdentifierType="TEL"><Identifier>1000005931079</Identifier><Scope>TEL</Scope></IdentifierObject><IdentifierObject ContextLevel="RECORD" FieldSource="TEL" OrderIndex="63" SpatialIdentifierType="TEL"><Identifier>1000005403429</Identifier><Scope>TEL</Scope></IdentifierObject><IllustrationsObject OrderIndex="36">NO_ILLUSTRATIONS</IllustrationsObject><SpatialEntityObject OrderIndex="49" SpatialRelation="PUBLICATION"><Identifiers><Identifier>CH</Identifier><Scope>ISO3166</Scope></Identifiers></SpatialEntityObject><NamedPlaceObject OrderIndex="46" SpatialRelation="PUBLICATION"><Identifiers><Identifier>1000005403429</Identifier><Scope>TEL</Scope></Identifiers><PlaceName>Basel ;</PlaceName></NamedPlaceObject><NamedPlaceObject OrderIndex="47" SpatialRelation="PUBLICATION"><Identifiers><Identifier>1000005931079</Identifier><Scope>TEL</Scope></Identifiers><PlaceName>Frankfurt am Main</PlaceName></NamedPlaceObject><NamedPlaceObject OrderIndex="51" SpatialRelation="SUBJECT"><PlaceName>Pełczyn (woj. dolnośląskie)</PlaceName><Subject><ChronologicalSubdivision><Instant><Time>-394592400000</Time><Granularity>MONTH</Granularity><Uncertain>false</Uncertain></Instant></ChronologicalSubdivision></Subject></NamedPlaceObject><NamedPlaceObject OrderIndex="52" SpatialRelation="SUBJECT"><PlaceName>Polska</PlaceName><Subject><ChronologicalSubdivision><Instant><Time>-394592400000</Time><Granularity>MONTH</Granularity><Uncertain>false</Uncertain></Instant></ChronologicalSubdivision></Subject></NamedPlaceObject><PrintTypeObject OrderIndex="35">PRINTED</PrintTypeObject><ProvenanceObject OrderIndex="32"><CollectionId>a0232</CollectionId><ProviderId>P01214</ProviderId></ProvenanceObject><StatusObject OrderIndex="28">UPDATED</StatusObject><TextObject OrderIndex="54" TextRelation="EXTENT"><Content>24, [2] s., [35] k. fot. ;</Content></TextObject><TextObject OrderIndex="55" TextRelation="EXTENT"><Content>23 cm.</Content></TextObject><OrganizationObject OrderIndex="48" PartyRelation="PUBLISHER"><PartyName>Stroemfeld/Roter Stern</PartyName><Identifiers><Identifier>1000022282990</Identifier><Scope>TEL</Scope></Identifiers></OrganizationObject><LanguageObject LanguageRelation="LANGUAGE_OF_CONTENT" OrderIndex="45">GER</LanguageObject><ResourceTypeObject OrderIndex="34">TEXT</ResourceTypeObject><TopicObject OrderIndex="53"><ChronologicalSubdivision><Instant><Time>-61536240000000</Time><Granularity>YEAR</Granularity><Uncertain>false</Uncertain></Instant></ChronologicalSubdivision><TopicName>Fotografia niemiecka</TopicName></TopicObject><AudienceObject OrderIndex="39">UNKNOW</AudienceObject><InstantObject OrderIndex="30" TemporalRelation="OP_LOADED"><Time>1358943207000</Time><Granularity>SECOND</Granularity><Uncertain>false</Uncertain></InstantObject><InstantObject OrderIndex="44" TemporalRelation="PUBLICATION"><Time>694224000000</Time><Granularity>YEAR</Granularity><Uncertain>false</Uncertain></InstantObject><MetadataObject FieldSource="PROVIDER" Format="marc21" OrderIndex="33"><record xmlns="info:lc/xmlns/marcxchange-v1"><leader>00911nam a2200277 i 4500</leader><controlfield tag="001">b11524960</controlfield><controlfield tag="008">981002s1992    sz           |000 0 ger  </controlfield><datafield ind1=" " ind2=" " tag="020"><subfield code="a">3878773900</subfield></datafield><datafield ind1=" " ind2=" " tag="040"><subfield code="a">WA N</subfield><subfield code="c">WA N</subfield></datafield><datafield ind1="0" ind2=" " tag="041"><subfield code="a">ger</subfield><subfield code="g">pol</subfield></datafield><datafield ind1="1" ind2=" " tag="100"><subfield code="a">Mutzenbecher, Werner von</subfield><subfield code="d">(1937- ).</subfield></datafield><datafield ind1="1" ind2="0" tag="245"><subfield code="a">Reise nach Polgsen, polnisch Pełczyn /</subfield><subfield code="c">Werner von Mutzenbecher.</subfield></datafield><datafield ind1=" " ind2=" " tag="260"><subfield code="a">Basel ;</subfield><subfield code="a">Frankfurt am Main :</subfield><subfield code="b">Stroemfeld/Roter Stern,</subfield><subfield code="c">1992.</subfield></datafield><datafield ind1=" " ind2=" " tag="300"><subfield code="a">24, [2] s., [35] k. fot. ;</subfield><subfield code="c">23 cm.</subfield></datafield><datafield ind1="1" ind2="4" tag="600"><subfield code="a">Mutzenbecher, Werner von</subfield><subfield code="d">(1937- )</subfield></datafield><datafield ind1=" " ind2="4" tag="651"><subfield code="a">Pełczyn (woj. dolnośląskie)</subfield><subfield code="y">1956-1989 r.</subfield></datafield><datafield ind1=" " ind2="4" tag="651"><subfield code="a">Polska</subfield><subfield code="y">1956-1989 r.</subfield></datafield><datafield ind1=" " ind2="4" tag="655"><subfield code="a">Fotografia niemiecka</subfield><subfield code="y">20 w.</subfield></datafield><datafield ind1=" " ind2=" " tag="902"><subfield code="a">121211</subfield><subfield code="c">981005</subfield><subfield code="d">m</subfield><subfield code="e">a</subfield><subfield code="f">-</subfield><subfield code="g">0</subfield></datafield><datafield ind1=" " ind2=" " tag="907"><subfield code="b">bk   </subfield><subfield code="c">-</subfield></datafield><datafield ind1=" " ind2=" " tag="920"><subfield code="a">3-87877-390-0</subfield></datafield><datafield ind1=" " ind2=" " tag="960"><subfield code="a">II 1.840.568 A</subfield><subfield code="c">bk   </subfield><subfield code="d">30001009348262</subfield><subfield code="h">1994 w 72/11</subfield><subfield code="i">Z 0,11</subfield><subfield code="k">1</subfield><subfield code="l">-</subfield><subfield code="o">0</subfield></datafield><datafield ind1=" " ind2=" " tag="996"><subfield code="a">.b11524960</subfield></datafield><datafield ind1=" " ind2=" " tag="998"><subfield code="a">ik</subfield><subfield code="a">o</subfield></datafield><datafield ind1=" " ind2=" " tag="999"><subfield code="a">AT</subfield><subfield code="b">js</subfield></datafield><datafield ind1=" " ind2=" " tag="999"><subfield code="a">haba</subfield></datafield></record>