</MetadataObject><PersonObject OrderIndex="43" PartyRelation="CREATOR"><PartyName>Werner von Mutzenbecher</PartyName><Identifiers><Identifier>1000016646659</Identifier><Scope>TEL</Scope></Identifiers><Identifiers><Identifier>3000003053704</Identifier><Scope>TEL</Scope></Identifiers><LifePeriod><Start><Time>-1041379200000</Time><Granularity>YEAR</Granularity><Uncertain>false</Uncertain></Start></LifePeriod><FirstNames>Werner von</FirstNames><Surname>Mutzenbecher</Surname></PersonObject><PersonObject OrderIndex="50" PartyRelation="SUBJECT"><PartyName>Werner von Mutzenbecher</PartyName><Identifiers><Identifier>1000016646659</Identifier><Scope>TEL</Scope></Identifiers><Identifiers><Identifier>3000003053704</Identifier><Scope>TEL</Scope></Identifiers><LifePeriod><Start><Time>-1041379200000</Time><Granularity>YEAR</Granularity><Uncertain>false</Uncertain></Start></LifePeriod><FirstNames>Werner von</FirstNames><Surname>Mutzenbecher</Surname></PersonObject><LinkObject FieldSource="TEL" LinkTarget="CATALOGUE_RECORD" OrderIndex="56"><Url>http://alpha.bn.org.pl/record=b1152496*pol</Url><LinkStatus>NOT_CHECKED</LinkStatus></LinkObject></MetadataRecord>
<MetadataRecord xmlns="http://theeuropeanlibrary.org/internal_object_model" ID="2000048756099"><BibliographicLevelObject OrderIndex="39">MONOGRAPH</BibliographicLevelObject><CatalogingFormObject OrderIndex="38">ISBD</CatalogingFormObject><TitleObject OrderIndex="42" TitleType="MAIN"><Title>Cztery inscenizacje utworów Mickiewicza</Title></TitleObject><IdentifierObject IdentifierType="LOCAL_IDENTIFIER" OrderIndex="29"><Identifier>b11524868</Identifier></IdentifierObject><IdentifierObject IdentifierType="OAIPMH" OrderIndex="31"><Identifier>urn:theeuropeanlibrary.org:a0232:b11524868</Identifier></IdentifierObject><IdentifierObject IdentifierType="LOCAL_IDENTIFIER" OrderIndex="41"><Identifier>b11524868</Identifier><Scope>a0232</Scope></IdentifierObject><IdentifierObject ContextLevel="RECORD" FieldSource="TEL" OrderIndex="57" PartyIdentifierType="TEL"><Identifier>2000077288429</Identifier><Scope>TEL</Scope></IdentifierObject><IdentifierObject ContextLevel="RECORD" FieldSource="TEL" OrderIndex="58" PartyIdentifierType="TEL"><Identifier>1000015773070</Identifier><Scope>TEL</Scope></IdentifierObject><IdentifierObject ContextLevel="RECORD" FieldSource="TEL" OrderIndex="59" SpatialIdentifierType="TEL"><Identifier>1000005368670</Identifier><Scope>TEL</Scope></IdentifierObject><IllustrationsObject OrderIndex="36">ILLUSTRATIONS</IllustrationsObject><IllustrationsObject OrderIndex="37">NO_ILLUSTRATIONS</IllustrationsObject><SpatialEntityObject OrderIndex="50" SpatialRelation="PUBLICATION"><Identifiers><Identifier>GB</Identifier><Scope>ISO3166</Scope></Identifiers></SpatialEntityObject><NamedPlaceObject OrderIndex="47" SpatialRelation="PUBLICATION"><Identifiers><Identifier>1000005368670</Identifier><Scope>TEL</Scope></Identifiers><PlaceName>Londyn</PlaceName></NamedPlaceObject><PrintTypeObject OrderIndex="35">PRINTED</PrintTypeObject><ProvenanceObject OrderIndex="32"><CollectionId>a0232</CollectionId><ProviderId>P01214</ProviderId></ProvenanceObject><StatusObject OrderIndex="28">UPDATED</StatusObject><TextObject OrderIndex="52" TextRelation="FORMAT_UNCONTROLED"><Content>rys., nuty ;</Content></TextObject><TextObject OrderIndex="53" TextRelation="EXTENT"><Content>44 s. :</Content></TextObject><TextObject OrderIndex="54" TextRelation="EXTENT"><Content>22 cm.</Content></TextObject><TextObject NoteType="GENERAL" OrderIndex="55" TextRelation="NOTE"><Content>Masz. powiel.</Content></TextObject><OrganizationObject OrderIndex="48" PartyRelation="PUBLISHER"><PartyName>Stow. Pol. Kombatantów</PartyName></OrganizationObject><OrganizationObject OrderIndex="49" PartyRelation="PUBLISHER"><PartyName>Związek Harcerstwa Polskiego</PartyName></OrganizationObject><LanguageObject LanguageRelation="LANGUAGE_OF_CONTENT" OrderIndex="46">POL</LanguageObject><ResourceTypeObject OrderIndex="34">TEXT</ResourceTypeObject><TopicObject OrderIndex="51"><TopicName>Utwory sceniczne dla dzieci</TopicName></TopicObject><AudienceObject OrderIndex="40">UNKNOW</AudienceObject><InstantObject OrderIndex="30" TemporalRelation="OP_LOADED"><Time>1358943216000</Time><Granularity>SECOND</Granularity><Uncertain>false</Uncertain></InstantObject><InstantObject OrderIndex="45" TemporalRelation="PUBLICATION"><Time>-441849600000</Time><Granularity>YEAR</Granularity><Uncertain>false</Uncertain></InstantObject><MetadataObject FieldSource="PROVIDER" Format="marc21" OrderIndex="33"><record xmlns="info:lc/xmlns/marcxchange-v1"><leader>00980nam a2200265 i 4500</leader><controlfield tag="001">b11524868</controlfield><controlfield tag="008">981002s1956    xxka         |000 0 pol  </controlfield><datafield ind1=" " ind2=" " tag="040"><subfield code="a">WA N</subfield><subfield code="c">WA N</subfield></datafield><datafield ind1="1" ind2=" " tag="100"><subfield code="a">Kowalewska, Regina.</subfield></datafield><datafield ind1="1" ind2="0" tag="245"><subfield code="a">Cztery inscenizacje utworów Mickiewicza /</subfield><subfield code="c">oprac. Regina Kowalewska ; rys. kostiumów i dekoracji Tadeusz Terlecki ; muzyka Juliusz Léo.</subfield></datafield><datafield ind1=" " ind2=" " tag="260"><subfield code="a">Londyn :</subfield><subfield code="b">Stow. Pol. Kombatantów :</subfield><subfield code="b">Związek Harcerstwa Polskiego,</subfield><subfield code="c">1956.</subfield></datafield><datafield ind1=" " ind2=" " tag="300"><subfield code="a">44 s. :</subfield><subfield code="b">rys., nuty ;</subfield><subfield code="c">22 cm.</subfield></datafield><datafield ind1="1" ind2=" " tag="490"><subfield code="a">Teatr Młodzieży</subfield></datafield><datafield ind1=" " ind2=" " tag="500"><subfield code="a">Masz. powiel.</subfield></datafield><datafield ind1=" " ind2="4" tag="655"><subfield code="a">Utwory sceniczne dla dzieci</subfield></datafield><datafield ind1="1" ind2=" " tag="700"><subfield code="a">Terlecki, Tadeusz.</subfield><subfield code="e">Il.</subfield></datafield><datafield ind1=" " ind2="0" tag="830"><subfield code="a">Teatr Młodzieży</subfield></datafield><datafield ind1=" " ind2=" " tag="902"><subfield code="a">121211</subfield><subfield code="c">981005</subfield><subfield code="d">m</subfield><subfield code="e">a</subfield><subfield code="f">-</subfield><subfield code="g">0</subfield></datafield><datafield ind1=" " ind2=" " tag="907"><subfield code="b">bk   </subfield><subfield code="c">-</subfield></datafield><datafield ind1=" " ind2=" " tag="960"><subfield code="a">II 1.243.274 A</subfield><subfield code="c">bk   </subfield><subfield code="d">30001015813495</subfield><subfield code="h">1979 w 54/25</subfield><subfield code="i">Z 0,00</subfield><subfield code="l">-</subfield><subfield code="o">0</subfield><subfield code="x">odkwaszono 2011</subfield></datafield><datafield ind1=" " ind2=" " tag="960"><subfield code="a">II 1.514.616</subfield><subfield code="c">bk   </subfield><subfield code="d">30001008167543</subfield><subfield code="h">1994 w 208/89</subfield><subfield code="i">Z 200,00</subfield><subfield code="k">1</subfield><subfield code="l">-</subfield><subfield code="o">1</subfield></datafield><datafield ind1=" " ind2=" " tag="996"><subfield code="a">.b11524868</subfield></datafield><datafield ind1=" " ind2=" " tag="998"><subfield code="a">ik</subfield><subfield code="a">o</subfield></datafield><datafield ind1=" " ind2=" " tag="999"><subfield code="a">JS</subfield></datafield><datafield ind1=" " ind2=" " tag="999"><subfield code="a">resi</subfield></datafield></record>