</MetadataObject><PersonObject OrderIndex="43" PartyRelation="CREATOR"><PartyName>Regina. Kowalewska</PartyName><Identifiers><Identifier>1000015773070</Identifier><Scope>TEL</Scope></Identifiers><FirstNames>Regina.</FirstNames><Surname>Kowalewska</Surname></PersonObject><PersonObject OrderIndex="44" PartyRelation="CONTRIBUTOR"><PartyName>Tadeusz. Terlecki</PartyName><Identifiers><Identifier>2000077288429</Identifier><Scope>TEL</Scope></Identifiers><FirstNames>Tadeusz.</FirstNames><Surname>Terlecki</Surname></PersonObject><LinkObject FieldSource="TEL" LinkTarget="CATALOGUE_RECORD" OrderIndex="56"><Url>http://alpha.bn.org.pl/record=b1152486*pol</Url><LinkStatus>NOT_CHECKED</LinkStatus></LinkObject></MetadataRecord>
<MetadataRecord xmlns="http://theeuropeanlibrary.org/internal_object_model" ID="2000048756118"><BibliographicLevelObject OrderIndex="40">MONOGRAPH</BibliographicLevelObject><CatalogingFormObject OrderIndex="39">ISBD</CatalogingFormObject><TitleObject OrderIndex="43" TitleType="MAIN"><Title>Kopernikus-Forschungen</Title></TitleObject><IdentifierObject IdentifierType="LOCAL_IDENTIFIER" OrderIndex="30"><Identifier>b11525058</Identifier></IdentifierObject><IdentifierObject IdentifierType="OAIPMH" OrderIndex="32"><Identifier>urn:theeuropeanlibrary.org:a0232:b11525058</Identifier></IdentifierObject><IdentifierObject IdentifierType="LOCAL_IDENTIFIER" OrderIndex="42"><Identifier>b11525058</Identifier><Scope>a0232</Scope></IdentifierObject><IdentifierObject ContextLevel="CONTENT" FieldSource="TEL" KnowledgeOrganizationSystem="TEL" OrderIndex="59"><Identifier>1000000085483</Identifier><Scope>TEL</Scope></IdentifierObject><IdentifierObject ContextLevel="RECORD" FieldSource="TEL" OrderIndex="60" PartyIdentifierType="TEL"><Identifier>1000021110562</Identifier><Scope>TEL</Scope></IdentifierObject><IdentifierObject ContextLevel="RECORD" FieldSource="TEL" OrderIndex="61" PartyIdentifierType="TEL"><Identifier>1000018651293</Identifier><Scope>TEL</Scope></IdentifierObject><IdentifierObject ContextLevel="RECORD" FieldSource="TEL" OrderIndex="62" PartyIdentifierType="TEL"><Identifier>1000011502051</Identifier><Scope>TEL</Scope></IdentifierObject><IdentifierObject ContextLevel="RECORD" FieldSource="TEL" OrderIndex="63" PartyIdentifierType="TEL"><Identifier>2000071325575</Identifier><Scope>TEL</Scope></IdentifierObject><IdentifierObject ContextLevel="RECORD" FieldSource="TEL" OrderIndex="64" PartyIdentifierType="TEL"><Identifier>1000020990266</Identifier><Scope>TEL</Scope></IdentifierObject><IdentifierObject ContextLevel="RECORD" FieldSource="TEL" OrderIndex="65" PartyIdentifierType="TEL"><Identifier>3000002514483</Identifier><Scope>TEL</Scope></IdentifierObject><IdentifierObject ContextLevel="RECORD" FieldSource="TEL" OrderIndex="66" PartyIdentifierType="TEL"><Identifier>2000076266888</Identifier><Scope>TEL</Scope></IdentifierObject><IdentifierObject ContextLevel="RECORD" FieldSource="TEL" OrderIndex="67" PartyIdentifierType="TEL"><Identifier>1000021770877</Identifier><Scope>TEL</Scope></IdentifierObject><IdentifierObject ContextLevel="RECORD" FieldSource="TEL" OrderIndex="68" PartyIdentifierType="TEL"><Identifier>1000004687093</Identifier><Scope>TEL</Scope></IdentifierObject><IdentifierObject ContextLevel="RECORD" FieldSource="TEL" OrderIndex="69" PartyIdentifierType="TEL"><Identifier>1000004290273</Identifier><Scope>TEL</Scope></IdentifierObject><IdentifierObject ContextLevel="RECORD" FieldSource="TEL" OrderIndex="70" PartyIdentifierType="TEL"><Identifier>1000020936342</Identifier><Scope>TEL</Scope></IdentifierObject><IdentifierObject ContextLevel="RECORD" FieldSource="TEL" OrderIndex="71" PartyIdentifierType="TEL"><Identifier>2000072567856</Identifier><Scope>TEL</Scope></IdentifierObject><IdentifierObject ContextLevel="RECORD" FieldSource="TEL" OrderIndex="72" PartyIdentifierType="TEL"><Identifier>3000003159269</Identifier><Scope>TEL</Scope></IdentifierObject><IdentifierObject ContextLevel="RECORD" FieldSource="TEL" OrderIndex="73" PartyIdentifierType="TEL"><Identifier>1000017173237</Identifier><Scope>TEL</Scope></IdentifierObject><IdentifierObject ContextLevel="RECORD" FieldSource="TEL" OrderIndex="74" PartyIdentifierType="TEL"><Identifier>3000002549021</Identifier><Scope>TEL</Scope></IdentifierObject><IdentifierObject ContextLevel="RECORD" FieldSource="TEL" OrderIndex="75" SpatialIdentifierType="TEL"><Identifier>1000005837350</Identifier><Scope>TEL</Scope></IdentifierObject><IllustrationsObject OrderIndex="37">ILLUSTRATIONS</IllustrationsObject><IllustrationsObject OrderIndex="38">NO_ILLUSTRATIONS</IllustrationsObject><SpatialEntityObject OrderIndex="51" SpatialRelation="PUBLICATION"><Identifiers><Identifier>DE</Identifier><Scope>ISO3166</Scope></Identifiers></SpatialEntityObject><NamedPlaceObject OrderIndex="49" SpatialRelation="PUBLICATION"><Identifiers><Identifier>1000005837350</Identifier><Scope>TEL</Scope></Identifiers><PlaceName>Leipzig</PlaceName></NamedPlaceObject><PrintTypeObject OrderIndex="36">PRINTED</PrintTypeObject><ProvenanceObject OrderIndex="33"><CollectionId>a0232</CollectionId><ProviderId>P01214</ProviderId></ProvenanceObject><StatusObject OrderIndex="29">UPDATED</StatusObject><TextObject OrderIndex="55" TextRelation="FORMAT_UNCONTROLED"><Content>faks., portr. ;</Content></TextObject><TextObject OrderIndex="56" TextRelation="EXTENT"><Content>VIII, 233, [1] s., [2] k. tabl., [31] s. tabl. :</Content></TextObject><TextObject OrderIndex="57" TextRelation="EXTENT"><Content>24 cm.</Content></TextObject><OrganizationObject OrderIndex="50" PartyRelation="PUBLISHER"><PartyName>S. Hirzel</PartyName><Identifiers><Identifier>1000018651293</Identifier><Scope>TEL</Scope></Identifiers></OrganizationObject><LanguageObject LanguageRelation="LANGUAGE_OF_CONTENT" OrderIndex="48">GER</LanguageObject><ResourceTypeObject OrderIndex="35">TEXT</ResourceTypeObject><TopicObject OrderIndex="53"><GeneralSubdivision>historia</GeneralSubdivision><ChronologicalSubdivision><Instant><Time>-61654608000000</Time><Granularity>MONTH</Granularity><Uncertain>false</Uncertain></Instant></ChronologicalSubdivision><TopicName>Astronomia</TopicName><Identifiers><Identifier>1000000085483</Identifier><Scope>TEL</Scope></Identifiers></TopicObject><TopicObject OrderIndex="54"><GeneralSubdivision>historia</GeneralSubdivision><ChronologicalSubdivision><Instant><Time>-61654608000000</Time><Granularity>MONTH</Granularity><Uncertain>false</Uncertain></Instant></ChronologicalSubdivision><TopicName>Medycyna</TopicName></TopicObject><AudienceObject OrderIndex="41">UNKNOW</AudienceObject><InstantObject OrderIndex="31" TemporalRelation="OP_LOADED"><Time>1358943216000</Time><Granularity>SECOND</Granularity><Uncertain>false</Uncertain></InstantObject><InstantObject OrderIndex="47" TemporalRelation="PUBLICATION"><Time>-852080400000</Time><Granularity>YEAR</Granularity><Uncertain>false</Uncertain></InstantObject><MetadataObject FieldSource="PROVIDER" Format="marc21" OrderIndex="34"><record xmlns="info:lc/xmlns/marcxchange-v1"><leader>01181nam a2200289 i 4500</leader><controlfield tag="001">b11525058</controlfield><controlfield tag="008">981002s1943    gw a         |000 0 ger  </controlfield><datafield ind1=" " ind2=" " tag="040"><subfield code="a">WA N</subfield><subfield code="c">WA N</subfield></datafield><datafield ind1="0" ind2="0" tag="245"><subfield code="a">Kopernikus-Forschungen /</subfield><subfield code="c">hrsg. von Johannes Papritz und Hans Schmauch ; mit Beitr. von Alexander Berg [et al.].</subfield></datafield><datafield ind1=" " ind2=" " tag="260"><subfield code="a">Leipzig :</subfield><subfield code="b">S. Hirzel,</subfield><subfield code="c">1943</subfield><subfield code="e">(Gräfenhainichen :</subfield><subfield code="f">A. Heine).</subfield></datafield><datafield ind1=" " ind2=" " tag="300"><subfield code="a">VIII, 233, [1] s., [2] k. tabl., [31] s. tabl. :</subfield><subfield code="b">faks., portr. ;</subfield><subfield code="c">24 cm.</subfield></datafield><datafield ind1="1" ind2=" " tag="490"><subfield code="a">Deutschland und der Osten : Quellen und Forschungen zur Geschichte ihrer Beziehungen ;</subfield><subfield code="v">Bd. 22</subfield></datafield><datafield ind1="1" ind2="4" tag="600"><subfield code="a">Kopernik, Mikołaj</subfield><subfield code="d">(1473-1543)</subfield></datafield><datafield ind1=" " ind2="4" tag="650"><subfield code="a">Astronomia</subfield><subfield code="x">historia</subfield><subfield code="y">15-16 w.</subfield></datafield><datafield ind1=" " ind2="4" tag="650"><subfield code="a">Medycyna</subfield><subfield code="x">historia</subfield><subfield code="y">15-16 w.</subfield></datafield><datafield ind1="1" ind2=" " tag="700"><subfield code="a">Papritz, Johannes</subfield><subfield code="d">(1898-1992).</subfield><subfield code="e">Red.</subfield></datafield><datafield ind1="1" ind2=" " tag="700"><subfield code="a">Schmauch, Hans.</subfield><subfield code="e">Red.</subfield></datafield><datafield ind1="1" ind2=" " tag="700"><subfield code="a">Berg, Alexander.</subfield></datafield><datafield ind1=" " ind2="0" tag="830"><subfield code="a">Deutschland und der Osten ;</subfield><subfield code="v">Bd. 22</subfield></datafield><datafield ind1=" " ind2=" " tag="902"><subfield code="a">121211</subfield><subfield code="c">981005</subfield><subfield code="d">m</subfield><subfield code="e">a</subfield><subfield code="f">-</subfield><subfield code="g">0</subfield></datafield><datafield ind1=" " ind2=" " tag="907"><subfield code="b">bk   </subfield><subfield code="c">-</subfield></datafield><datafield ind1=" " ind2=" " tag="960"><subfield code="a">II 1.513.044</subfield><subfield code="c">bk   </subfield><subfield code="d">30001008519335</subfield><subfield code="h">1994 w 240/17</subfield><subfield code="i">Z 0,20</subfield><subfield code="k">2</subfield><subfield code="l">-</subfield><subfield code="o">1</subfield></datafield><datafield ind1=" " ind2=" " tag="960"><subfield code="a">II 305.457 A</subfield><subfield code="c">bk   </subfield><subfield code="d">30001005504446</subfield><subfield code="h">1943 k</subfield><subfield code="i">Z 0,00</subfield><subfield code="l">-</subfield><subfield code="o">0</subfield></datafield><datafield ind1=" " ind2=" " tag="996"><subfield code="a">.b11525058</subfield></datafield><datafield ind1=" " ind2=" " tag="998"><subfield code="a">ik</subfield><subfield code="a">o</subfield></datafield><datafield ind1=" " ind2=" " tag="999"><subfield code="a">ja</subfield><subfield code="b">hg</subfield><subfield code="b">ae</subfield></datafield><datafield ind1=" " ind2=" " tag="999"><subfield code="a">alma</subfield><subfield code="a">emal</subfield></datafield></record>