</MetadataObject><PersonObject OrderIndex="44" PartyRelation="CONTRIBUTOR"><PartyName>Johannes Papritz</PartyName><Identifiers><Identifier>3000003159269</Identifier><Scope>TEL</Scope></Identifiers><Identifiers><Identifier>1000017173237</Identifier><Scope>TEL</Scope></Identifiers><LifePeriod><Start><Time>-2272060800000</Time><Granularity>YEAR</Granularity><Uncertain>false</Uncertain></Start><End><Time>694224000000</Time><Granularity>YEAR</Granularity><Uncertain>false</Uncertain></End></LifePeriod><FirstNames>Johannes</FirstNames><Surname>Papritz</Surname></PersonObject><PersonObject OrderIndex="45" PartyRelation="CONTRIBUTOR"><PartyName>Hans. Schmauch</PartyName><Identifiers><Identifier>3000002514483</Identifier><Scope>TEL</Scope></Identifiers><Identifiers><Identifier>1000020936342</Identifier><Scope>TEL</Scope></Identifiers><Identifiers><Identifier>3000002549021</Identifier><Scope>TEL</Scope></Identifiers><FirstNames>Hans.</FirstNames><Surname>Schmauch</Surname></PersonObject><PersonObject OrderIndex="46" PartyRelation="CONTRIBUTOR"><PartyName>Alexander. Berg</PartyName><Identifiers><Identifier>1000004687093</Identifier><Scope>TEL</Scope></Identifiers><Identifiers><Identifier>2000071325575</Identifier><Scope>TEL</Scope></Identifiers><Identifiers><Identifier>1000021770877</Identifier><Scope>TEL</Scope></Identifiers><Identifiers><Identifier>1000020990266</Identifier><Scope>TEL</Scope></Identifiers><Identifiers><Identifier>2000076266888</Identifier><Scope>TEL</Scope></Identifiers><Identifiers><Identifier>1000011502051</Identifier><Scope>TEL</Scope></Identifiers><Identifiers><Identifier>1000004290273</Identifier><Scope>TEL</Scope></Identifiers><Identifiers><Identifier>2000072567856</Identifier><Scope>TEL</Scope></Identifiers><Identifiers><Identifier>1000021110562</Identifier><Scope>TEL</Scope></Identifiers><FirstNames>Alexander.</FirstNames><Surname>Berg</Surname></PersonObject><PersonObject OrderIndex="52" PartyRelation="SUBJECT"><PartyName>Mikołaj Kopernik</PartyName><LifePeriod><Start><Time>-15682982400000</Time><Granularity>YEAR</Granularity><Uncertain>false</Uncertain></Start><End><Time>-13473993600000</Time><Granularity>YEAR</Granularity><Uncertain>false</Uncertain></End></LifePeriod><FirstNames>Mikołaj</FirstNames><Surname>Kopernik</Surname></PersonObject><LinkObject FieldSource="TEL" LinkTarget="CATALOGUE_RECORD" OrderIndex="58"><Url>http://alpha.bn.org.pl/record=b1152505*pol</Url><LinkStatus>NOT_CHECKED</LinkStatus></LinkObject></MetadataRecord>
<MetadataRecord xmlns="http://theeuropeanlibrary.org/internal_object_model" ID="2000048756202"><BibliographicLevelObject OrderIndex="40">MONOGRAPH</BibliographicLevelObject><CatalogingFormObject OrderIndex="39">ISBD</CatalogingFormObject><TitleObject OrderIndex="44" TitleType="MAIN"><Title>Zapomniany oddział wołyńskiej Brygady Kawalerii-IV Batalion 84 Pułku Strzelców Poleskich</Title><SubTitle>(kolegom z wrześniowego IV</SubTitle></TitleObject><IdentifierObject IdentifierType="LOCAL_IDENTIFIER" OrderIndex="30"><Identifier>b11525903</Identifier></IdentifierObject><IdentifierObject IdentifierType="OAIPMH" OrderIndex="32"><Identifier>urn:theeuropeanlibrary.org:a0232:b11525903</Identifier></IdentifierObject><IdentifierObject IdentifierType="LOCAL_IDENTIFIER" OrderIndex="42"><Identifier>b11525903</Identifier><Scope>a0232</Scope></IdentifierObject><IdentifierObject ContextLevel="RECORD" FieldSource="TEL" OrderIndex="59" PartyIdentifierType="TEL"><Identifier>1000021626782</Identifier><Scope>TEL</Scope></IdentifierObject><IllustrationsObject OrderIndex="37">ILLUSTRATIONS</IllustrationsObject><IllustrationsObject OrderIndex="38">NO_ILLUSTRATIONS</IllustrationsObject><SpatialEntityObject OrderIndex="50" SpatialRelation="PUBLICATION"><Identifiers><Identifier>US</Identifier><Scope>ISO3166</Scope></Identifiers></SpatialEntityObject><NamedPlaceObject OrderIndex="48" SpatialRelation="PUBLICATION"><PlaceName>Buffalo, N.Y.</PlaceName></NamedPlaceObject><PrintTypeObject OrderIndex="36">PRINTED</PrintTypeObject><ProvenanceObject OrderIndex="33"><CollectionId>a0232</CollectionId><ProviderId>P01214</ProviderId></ProvenanceObject><StatusObject OrderIndex="29">UPDATED</StatusObject><TextObject OrderIndex="43" TextRelation="STATEMENT_OF_RESPONSIBILITY"><Content>W. M. Drzewieniecki.</Content></TextObject><TextObject OrderIndex="54" TextRelation="FORMAT_UNCONTROLED"><Content>1 portr., err. ;</Content></TextObject><TextObject OrderIndex="55" TextRelation="EXTENT"><Content>[10] s. :</Content></TextObject><TextObject OrderIndex="56" TextRelation="EXTENT"><Content>23 cm.</Content></TextObject><TextObject NoteType="GENERAL" OrderIndex="57" TextRelation="NOTE"><Content>Repr. from No 35 and 36 (September 1st and 7th) 1973 Gwiazda Polarna.</Content></TextObject><OrganizationObject OrderIndex="49" PartyRelation="PUBLISHER"><PartyName>Polish Cultural Found.</PartyName></OrganizationObject><OrganizationObject OrderIndex="51" PartyRelation="SUBJECT"><PartyName>Wołyńska Brygada Kawalerii</PartyName><Subject/></OrganizationObject><LanguageObject LanguageRelation="LANGUAGE_OF_CONTENT" OrderIndex="47">POL</LanguageObject><ResourceTypeObject OrderIndex="35">TEXT</ResourceTypeObject><TopicObject OrderIndex="52"><ChronologicalSubdivision><Instant><Time>-931050000000</Time><Granularity>MONTH</Granularity><Uncertain>false</Uncertain></Instant></ChronologicalSubdivision><GeographicSubdivision><NamedPlace><PlaceName>Polska</PlaceName></NamedPlace></GeographicSubdivision><TopicName>Kawaleria</TopicName></TopicObject><TopicObject OrderIndex="53"><GeneralSubdivision>jednostki wojskowe</GeneralSubdivision><TopicName>Kampania wrześniowa</TopicName></TopicObject><AudienceObject OrderIndex="41">UNKNOW</AudienceObject><InstantObject OrderIndex="31" TemporalRelation="OP_LOADED"><Time>1358943216000</Time><Granularity>SECOND</Granularity><Uncertain>false</Uncertain></InstantObject><InstantObject OrderIndex="46" TemporalRelation="PUBLICATION"><Time>94694400000</Time><Granularity>YEAR</Granularity><Uncertain>false</Uncertain></InstantObject><MetadataObject FieldSource="PROVIDER" Format="marc21" OrderIndex="34"><record xmlns="info:lc/xmlns/marcxchange-v1"><leader>01023nam a2200253 i 4500</leader><controlfield tag="001">b11525903</controlfield><controlfield tag="008">981002s1973    xxua         |000 0 pol  </controlfield><datafield ind1=" " ind2=" " tag="040"><subfield code="a">WA N</subfield><subfield code="c">WA N</subfield></datafield><datafield ind1="1" ind2=" " tag="100"><subfield code="a">Drzewieniecki, Włodzimierz Marian</subfield><subfield code="d">(1914- ).</subfield></datafield><datafield ind1="1" ind2="0" tag="245"><subfield code="a">Zapomniany oddział wołyńskiej Brygady Kawalerii-IV Batalion 84 Pułku Strzelców Poleskich :</subfield><subfield code="b">(kolegom z wrześniowego IV/84 p.s.p. poświęcam) /</subfield><subfield code="c">W. M. Drzewieniecki.</subfield></datafield><datafield ind1=" " ind2=" " tag="260"><subfield code="a">Buffalo, N.Y. :</subfield><subfield code="b">Polish Cultural Found.,</subfield><subfield code="c">1973.</subfield></datafield><datafield ind1=" " ind2=" " tag="300"><subfield code="a">[10] s. :</subfield><subfield code="b">1 portr., err. ;</subfield><subfield code="c">23 cm.</subfield></datafield><datafield ind1=" " ind2=" " tag="500"><subfield code="a">Repr. from No 35 and 36 (September 1st and 7th) 1973 Gwiazda Polarna.</subfield></datafield><datafield ind1="2" ind2="4" tag="610"><subfield code="a">Wołyńska Brygada Kawalerii</subfield></datafield><datafield ind1=" " ind2="4" tag="650"><subfield code="a">Kawaleria</subfield><subfield code="z">Polska</subfield><subfield code="y">1939-1945 r.</subfield></datafield><datafield ind1=" " ind2="4" tag="650"><subfield code="a">Kampania wrześniowa</subfield><subfield code="x">jednostki wojskowe</subfield></datafield><datafield ind1=" " ind2=" " tag="902"><subfield code="a">121211</subfield><subfield code="c">981005</subfield><subfield code="d">m</subfield><subfield code="e">a</subfield><subfield code="f">-</subfield><subfield code="g">0</subfield></datafield><datafield ind1=" " ind2=" " tag="907"><subfield code="b">bk   </subfield><subfield code="c">-</subfield></datafield><datafield ind1=" " ind2=" " tag="960"><subfield code="a">II 1.134.928</subfield><subfield code="c">bk   </subfield><subfield code="h">1994 k 433/162</subfield><subfield code="i">Z 0,18</subfield><subfield code="k">1</subfield><subfield code="l">-</subfield><subfield code="o">1</subfield></datafield><datafield ind1=" " ind2=" " tag="960"><subfield code="a">II 839.723 A</subfield><subfield code="c">bk   </subfield><subfield code="h">1974 d 81/5</subfield><subfield code="i">Z 0,00</subfield><subfield code="l">-</subfield><subfield code="o">0</subfield></datafield><datafield ind1=" " ind2=" " tag="996"><subfield code="a">.b11525903</subfield></datafield><datafield ind1=" " ind2=" " tag="998"><subfield code="a">ik</subfield><subfield code="a">o</subfield></datafield><datafield ind1=" " ind2=" " tag="999"><subfield code="a">AT</subfield><subfield code="b">js</subfield></datafield><datafield ind1=" " ind2=" " tag="999"><subfield code="a">anno</subfield></datafield></record>