</MetadataObject><PersonObject OrderIndex="45" PartyRelation="CREATOR"><PartyName>Włodzimierz Marian Drzewieniecki</PartyName><Identifiers><Identifier>1000021626782</Identifier><Scope>TEL</Scope></Identifiers><LifePeriod><Start><Time>-1767225600000</Time><Granularity>YEAR</Granularity><Uncertain>false</Uncertain></Start></LifePeriod><FirstNames>Włodzimierz Marian</FirstNames><Surname>Drzewieniecki</Surname></PersonObject><LinkObject FieldSource="TEL" LinkTarget="CATALOGUE_RECORD" OrderIndex="58"><Url>http://alpha.bn.org.pl/record=b1152590*pol</Url><LinkStatus>NOT_CHECKED</LinkStatus></LinkObject></MetadataRecord>
<MetadataRecord xmlns="http://theeuropeanlibrary.org/internal_object_model" ID="2000048756193"><BibliographicLevelObject OrderIndex="39">MONOGRAPH</BibliographicLevelObject><CatalogingFormObject OrderIndex="38">ISBD</CatalogingFormObject><TitleObject OrderIndex="42" TitleType="MAIN"><Title>Jan Broel-Plater (1460?-1529) marszałek krajowy Zakonu Inflanckiego</Title></TitleObject><IdentifierObject IdentifierType="LOCAL_IDENTIFIER" OrderIndex="29"><Identifier>b11525812</Identifier></IdentifierObject><IdentifierObject IdentifierType="OAIPMH" OrderIndex="31"><Identifier>urn:theeuropeanlibrary.org:a0232:b11525812</Identifier></IdentifierObject><IdentifierObject IdentifierType="LOCAL_IDENTIFIER" OrderIndex="41"><Identifier>b11525812</Identifier><Scope>a0232</Scope></IdentifierObject><IdentifierObject ContextLevel="RECORD" FieldSource="TEL" OrderIndex="57" PartyIdentifierType="TEL"><Identifier>1000007014179</Identifier><Scope>TEL</Scope></IdentifierObject><IdentifierObject ContextLevel="RECORD" FieldSource="TEL" OrderIndex="58" SpatialIdentifierType="TEL"><Identifier>1000005368670</Identifier><Scope>TEL</Scope></IdentifierObject><IllustrationsObject OrderIndex="36">ILLUSTRATIONS</IllustrationsObject><IllustrationsObject OrderIndex="37">NO_ILLUSTRATIONS</IllustrationsObject><SpatialEntityObject OrderIndex="48" SpatialRelation="PUBLICATION"><Identifiers><Identifier>GB</Identifier><Scope>ISO3166</Scope></Identifiers></SpatialEntityObject><NamedPlaceObject OrderIndex="46" SpatialRelation="PUBLICATION"><Identifiers><Identifier>1000005368670</Identifier><Scope>TEL</Scope></Identifiers><PlaceName>Londyn</PlaceName></NamedPlaceObject><PrintTypeObject OrderIndex="35">PRINTED</PrintTypeObject><ProvenanceObject OrderIndex="32"><CollectionId>a0232</CollectionId><ProviderId>P01214</ProviderId></ProvenanceObject><StatusObject OrderIndex="28">UPDATED</StatusObject><TextObject OrderIndex="52" TextRelation="FORMAT_UNCONTROLED"><Content>fot., 1 mapa ;</Content></TextObject><TextObject OrderIndex="53" TextRelation="EXTENT"><Content>40 s. :</Content></TextObject><TextObject OrderIndex="54" TextRelation="EXTENT"><Content>22 cm.</Content></TextObject><TextObject NoteType="GENERAL" OrderIndex="55" TextRelation="NOTE"><Content>Bibliogr. s. 40.</Content></TextObject><OrganizationObject OrderIndex="47" PartyRelation="PUBLISHER"><PartyName>nakł. aut.</PartyName></OrganizationObject><OrganizationObject OrderIndex="50" PartyRelation="SUBJECT"><PartyName>Kawalerowie Mieczowi</PartyName><Subject><ChronologicalSubdivision><Instant><Time>-61654608000000</Time><Granularity>MONTH</Granularity><Uncertain>false</Uncertain></Instant></ChronologicalSubdivision></Subject></OrganizationObject><LanguageObject LanguageRelation="LANGUAGE_OF_CONTENT" OrderIndex="45">POL</LanguageObject><ResourceTypeObject OrderIndex="34">TEXT</ResourceTypeObject><TopicObject OrderIndex="51"><TopicName>Biografie</TopicName></TopicObject><AudienceObject OrderIndex="40">UNKNOW</AudienceObject><InstantObject OrderIndex="30" TemporalRelation="OP_LOADED"><Time>1358943207000</Time><Granularity>SECOND</Granularity><Uncertain>false</Uncertain></InstantObject><InstantObject OrderIndex="44" TemporalRelation="PUBLICATION"><Time>94694400000</Time><Granularity>YEAR</Granularity><Uncertain>false</Uncertain></InstantObject><MetadataObject FieldSource="PROVIDER" Format="marc21" OrderIndex="33"><record xmlns="info:lc/xmlns/marcxchange-v1"><leader>00840nam a2200253 i 4500</leader><controlfield tag="001">b11525812</controlfield><controlfield tag="008">981002s1973    xxka         |000 0 pol  </controlfield><datafield ind1=" " ind2=" " tag="040"><subfield code="a">WA N</subfield><subfield code="c">WA N</subfield></datafield><datafield ind1="1" ind2=" " tag="100"><subfield code="a">Plater, Leon</subfield><subfield code="d">(1897-1980).</subfield></datafield><datafield ind1="1" ind2="0" tag="245"><subfield code="a">Jan Broel-Plater (1460?-1529) marszałek krajowy Zakonu Inflanckiego /</subfield><subfield code="c">Leon Broel-Plater.</subfield></datafield><datafield ind1=" " ind2=" " tag="260"><subfield code="a">Londyn :</subfield><subfield code="b">nakł. aut.,</subfield><subfield code="c">1973.</subfield></datafield><datafield ind1=" " ind2=" " tag="300"><subfield code="a">40 s. :</subfield><subfield code="b">fot., 1 mapa ;</subfield><subfield code="c">22 cm.</subfield></datafield><datafield ind1=" " ind2=" " tag="500"><subfield code="a">Bibliogr. s. 40.</subfield></datafield><datafield ind1="1" ind2="4" tag="600"><subfield code="a">Plater, Jan Broel</subfield><subfield code="d">(1460?-1529)</subfield></datafield><datafield ind1="2" ind2="4" tag="610"><subfield code="a">Kawalerowie Mieczowi</subfield><subfield code="y">15-16 w.</subfield></datafield><datafield ind1=" " ind2="4" tag="655"><subfield code="a">Biografie</subfield></datafield><datafield ind1=" " ind2=" " tag="902"><subfield code="a">121211</subfield><subfield code="c">981005</subfield><subfield code="d">m</subfield><subfield code="e">a</subfield><subfield code="f">-</subfield><subfield code="g">0</subfield></datafield><datafield ind1=" " ind2=" " tag="907"><subfield code="b">bk   </subfield><subfield code="c">-</subfield></datafield><datafield ind1=" " ind2=" " tag="960"><subfield code="a">II 1.704.046</subfield><subfield code="c">bk   </subfield><subfield code="d">30001002259648</subfield><subfield code="h">1994 k 650/134</subfield><subfield code="i">Z 0,07</subfield><subfield code="k">1</subfield><subfield code="l">-</subfield><subfield code="o">1</subfield></datafield><datafield ind1=" " ind2=" " tag="960"><subfield code="a">II 839.727 A</subfield><subfield code="c">bk   </subfield><subfield code="h">1974 d 142</subfield><subfield code="i">Z 0,00</subfield><subfield code="l">-</subfield><subfield code="o">0</subfield></datafield><datafield ind1=" " ind2=" " tag="996"><subfield code="a">.b11525812</subfield></datafield><datafield ind1=" " ind2=" " tag="998"><subfield code="a">ik</subfield><subfield code="a">o</subfield></datafield><datafield ind1=" " ind2=" " tag="999"><subfield code="a">AT</subfield><subfield code="b">js</subfield></datafield><datafield ind1=" " ind2=" " tag="999"><subfield code="a">sawi</subfield><subfield code="a">anno</subfield></datafield></record>