</MetadataObject><PersonObject OrderIndex="43" PartyRelation="CREATOR"><PartyName>Leon Plater</PartyName><Identifiers><Identifier>1000007014179</Identifier><Scope>TEL</Scope></Identifiers><LifePeriod><Start><Time>-2303596800000</Time><Granularity>YEAR</Granularity><Uncertain>false</Uncertain></Start><End><Time>315532800000</Time><Granularity>YEAR</Granularity><Uncertain>false</Uncertain></End></LifePeriod><FirstNames>Leon</FirstNames><Surname>Plater</Surname></PersonObject><PersonObject OrderIndex="49" PartyRelation="SUBJECT"><PartyName>Jan Broel Plater</PartyName><LifePeriod><Start><Time>-16093296000000</Time><Granularity>YEAR</Granularity><Uncertain>true</Uncertain></Start><End><Time>-13915756800000</Time><Granularity>YEAR</Granularity><Uncertain>false</Uncertain></End></LifePeriod><FirstNames>Jan Broel</FirstNames><Surname>Plater</Surname></PersonObject><LinkObject FieldSource="TEL" LinkTarget="CATALOGUE_RECORD" OrderIndex="56"><Url>http://alpha.bn.org.pl/record=b1152581*pol</Url><LinkStatus>NOT_CHECKED</LinkStatus></LinkObject></MetadataRecord>
<MetadataRecord xmlns="http://theeuropeanlibrary.org/internal_object_model" ID="2000048756212"><BibliographicLevelObject OrderIndex="39">MONOGRAPH</BibliographicLevelObject><CatalogingFormObject OrderIndex="38">ISBD</CatalogingFormObject><TitleObject OrderIndex="43" TitleType="MAIN"><Title>Der Kongress in Florenz ; Die Mädchen vom Wilkohof</Title><SubTitle>zwei Erzählungen</SubTitle></TitleObject><TitleObject OrderIndex="44" TitleType="ALTERNATIVE"><Title>Kongres we Florencji</Title></TitleObject><TitleObject OrderIndex="45" TitleType="ALTERNATIVE"><Title>Panny z Wilka</Title></TitleObject><IdentifierObject IdentifierType="LOCAL_IDENTIFIER" OrderIndex="30"><Identifier>b11526002</Identifier></IdentifierObject><IdentifierObject IdentifierType="OAIPMH" OrderIndex="32"><Identifier>urn:theeuropeanlibrary.org:a0232:b11526002</Identifier></IdentifierObject><IdentifierObject IdentifierType="LOCAL_IDENTIFIER" OrderIndex="41"><Identifier>b11526002</Identifier><Scope>a0232</Scope></IdentifierObject><IdentifierObject ContextLevel="RECORD" FieldSource="TEL" OrderIndex="59" PartyIdentifierType="TEL"><Identifier>1000021036622</Identifier><Scope>TEL</Scope></IdentifierObject><IdentifierObject ContextLevel="RECORD" FieldSource="TEL" OrderIndex="60" PartyIdentifierType="TEL"><Identifier>1000021398972</Identifier><Scope>TEL</Scope></IdentifierObject><IdentifierObject ContextLevel="RECORD" FieldSource="TEL" OrderIndex="61" PartyIdentifierType="TEL"><Identifier>1000022213972</Identifier><Scope>TEL</Scope></IdentifierObject><IdentifierObject ContextLevel="RECORD" FieldSource="TEL" OrderIndex="62" SpatialIdentifierType="TEL"><Identifier>1000005837350</Identifier><Scope>TEL</Scope></IdentifierObject><IllustrationsObject OrderIndex="37">NO_ILLUSTRATIONS</IllustrationsObject><SpatialEntityObject OrderIndex="53" SpatialRelation="PUBLICATION"><Identifiers><Identifier>DE</Identifier><Scope>ISO3166</Scope></Identifiers></SpatialEntityObject><NamedPlaceObject OrderIndex="51" SpatialRelation="PUBLICATION"><Identifiers><Identifier>1000005837350</Identifier><Scope>TEL</Scope></Identifiers><PlaceName>Leipzig</PlaceName></NamedPlaceObject><PrintTypeObject OrderIndex="36">PRINTED</PrintTypeObject><ProvenanceObject OrderIndex="33"><CollectionId>a0232</CollectionId><ProviderId>P01214</ProviderId></ProvenanceObject><StatusObject OrderIndex="29">UPDATED</StatusObject><TextObject OrderIndex="42" TextRelation="STATEMENT_OF_RESPONSIBILITY"><Content>Jaroslaw Iwaszkiewicz ; [autoris. Übertr. aus dem Pol. von Kurt Harrer].</Content></TextObject><TextObject OrderIndex="55" TextRelation="EXTENT"><Content>213, [2] s. ;</Content></TextObject><TextObject OrderIndex="56" TextRelation="EXTENT"><Content>15 cm.</Content></TextObject><TextObject NoteType="EXTERNAL_INDEXES" OrderIndex="57" TextRelation="NOTE"><Content>GV 1911-1965. Bd. 64 s. 554.</Content></TextObject><OrganizationObject OrderIndex="52" PartyRelation="PUBLISHER"><PartyName>Ph. Reclam Jun.</PartyName></OrganizationObject><LanguageObject LanguageRelation="LANGUAGE_OF_CONTENT" OrderIndex="49">GER</LanguageObject><ResourceTypeObject OrderIndex="35">TEXT</ResourceTypeObject><TopicObject OrderIndex="54"><ChronologicalSubdivision><Instant><Time>-61536240000000</Time><Granularity>YEAR</Granularity><Uncertain>false</Uncertain></Instant></ChronologicalSubdivision><TopicName>Opowiadanie polskie</TopicName></TopicObject><AudienceObject OrderIndex="40">UNKNOW</AudienceObject><InstantObject OrderIndex="31" TemporalRelation="OP_LOADED"><Time>1358943216000</Time><Granularity>SECOND</Granularity><Uncertain>false</Uncertain></InstantObject><InstantObject OrderIndex="48" TemporalRelation="PUBLICATION"><Time>-347155200000</Time><Granularity>YEAR</Granularity><Uncertain>false</Uncertain></InstantObject><MetadataObject FieldSource="PROVIDER" Format="marc21" OrderIndex="34"><record xmlns="info:lc/xmlns/marcxchange-v1"><leader>01213nam a2200325 i 4500</leader><controlfield tag="001">b11526002</controlfield><controlfield tag="008">981002s1959    gw           |000 j ger  </controlfield><datafield ind1=" " ind2=" " tag="040"><subfield code="a">WA N</subfield><subfield code="c">WA N</subfield></datafield><datafield ind1="1" ind2=" " tag="041"><subfield code="a">ger</subfield><subfield code="h">pol</subfield></datafield><datafield ind1="1" ind2=" " tag="100"><subfield code="a">Iwaszkiewicz, Jarosław</subfield><subfield code="d">(1894-1980).</subfield></datafield><datafield ind1="1" ind2="4" tag="245"><subfield code="a">Der Kongress in Florenz ; Die Mädchen vom Wilkohof :</subfield><subfield code="b">zwei Erzählungen /</subfield><subfield code="c">Jaroslaw Iwaszkiewicz ; [autoris. Übertr. aus dem Pol. von Kurt Harrer].</subfield></datafield><datafield ind1="1" ind2=" " tag="246"><subfield code="i">Tyt. oryg.:</subfield><subfield code="a">Kongres we Florencji</subfield></datafield><datafield ind1="1" ind2=" " tag="246"><subfield code="i">Tyt. oryg.:</subfield><subfield code="a">Panny z Wilka</subfield></datafield><datafield ind1=" " ind2=" " tag="250"><subfield code="a">1. bis 5. Tsd.</subfield></datafield><datafield ind1=" " ind2=" " tag="260"><subfield code="a">Leipzig :</subfield><subfield code="b">Ph. Reclam Jun.,</subfield><subfield code="c">[1959].</subfield></datafield><datafield ind1=" " ind2=" " tag="300"><subfield code="a">213, [2] s. ;</subfield><subfield code="c">15 cm.</subfield></datafield><datafield ind1="1" ind2=" " tag="490"><subfield code="a">Reclams Universal-Bibliothek</subfield><subfield code="v">Bd. 8344-46</subfield></datafield><datafield ind1="4" ind2=" " tag="510"><subfield code="a">GV 1911-1965</subfield><subfield code="c">Bd. 64 s. 554.</subfield></datafield><datafield ind1=" " ind2="4" tag="655"><subfield code="a">Opowiadanie polskie</subfield><subfield code="y">20 w.</subfield></datafield><datafield ind1="1" ind2=" " tag="700"><subfield code="a">Harrer, Kurt.</subfield><subfield code="e">Tł.</subfield></datafield><datafield ind1="1" ind2="2" tag="700"><subfield code="a">Iwaszkiewicz, Jarosław</subfield><subfield code="d">(1894-1980).</subfield><subfield code="t">Mädchen vom Wilkohof</subfield></datafield><datafield ind1=" " ind2="0" tag="830"><subfield code="a">Reclams Universal-Bibliothek</subfield><subfield code="v">Bd. 8344-46</subfield></datafield><datafield ind1=" " ind2=" " tag="902"><subfield code="a">121211</subfield><subfield code="c">981005</subfield><subfield code="d">m</subfield><subfield code="e">a</subfield><subfield code="f">-</subfield><subfield code="g">0</subfield></datafield><datafield ind1=" " ind2=" " tag="907"><subfield code="b">bk   </subfield><subfield code="c">-</subfield></datafield><datafield ind1=" " ind2=" " tag="960"><subfield code="a">I 209.667</subfield><subfield code="c">bk   </subfield><subfield code="d">30001004619914</subfield><subfield code="h">1959 w 1730/61</subfield><subfield code="i">Z 0,00</subfield><subfield code="l">-</subfield><subfield code="o">1</subfield></datafield><datafield ind1=" " ind2=" " tag="960"><subfield code="a">I 1.470.755 A</subfield><subfield code="c">bk   </subfield><subfield code="h">1994 k 730/6</subfield><subfield code="i">Z 0,08</subfield><subfield code="k">1</subfield><subfield code="l">-</subfield><subfield code="o">0</subfield></datafield><datafield ind1=" " ind2=" " tag="996"><subfield code="a">.b11526002</subfield></datafield><datafield ind1=" " ind2=" " tag="998"><subfield code="a">ik</subfield><subfield code="a">o</subfield></datafield><datafield ind1=" " ind2=" " tag="999"><subfield code="a">AT</subfield><subfield code="b">js</subfield></datafield><datafield ind1=" " ind2=" " tag="999"><subfield code="a">resi</subfield></datafield></record>