</MetadataObject><PersonObject OrderIndex="46" PartyRelation="CREATOR"><PartyName>Jarosław Iwaszkiewicz</PartyName><Identifiers><Identifier>1000021036622</Identifier><Scope>TEL</Scope></Identifiers><Identifiers><Identifier>1000022213972</Identifier><Scope>TEL</Scope></Identifiers><LifePeriod><Start><Time>-2398291200000</Time><Granularity>YEAR</Granularity><Uncertain>false</Uncertain></Start><End><Time>315532800000</Time><Granularity>YEAR</Granularity><Uncertain>false</Uncertain></End></LifePeriod><FirstNames>Jarosław</FirstNames><Surname>Iwaszkiewicz</Surname></PersonObject><PersonObject OrderIndex="47" PartyRelation="CONTRIBUTOR"><PartyName>Kurt. Harrer</PartyName><Identifiers><Identifier>1000021398972</Identifier><Scope>TEL</Scope></Identifiers><FirstNames>Kurt.</FirstNames><Surname>Harrer</Surname></PersonObject><EditionObject OrderIndex="50"><Statement>1. bis 5. Tsd.</Statement></EditionObject><LinkObject FieldSource="TEL" LinkTarget="CATALOGUE_RECORD" OrderIndex="58"><Url>http://alpha.bn.org.pl/record=b1152600*pol</Url><LinkStatus>NOT_CHECKED</LinkStatus></LinkObject></MetadataRecord>
<MetadataRecord xmlns="http://theeuropeanlibrary.org/internal_object_model" ID="2000048756171"><BibliographicLevelObject OrderIndex="42">MONOGRAPH</BibliographicLevelObject><CatalogingFormObject OrderIndex="41">ISBD</CatalogingFormObject><TitleObject OrderIndex="47" TitleType="MAIN"><Title>Pommern</Title><SubTitle>ein Lesebuch</SubTitle></TitleObject><IdentifierObject IdentifierType="LOCAL_IDENTIFIER" OrderIndex="33"><Identifier>b11525599</Identifier></IdentifierObject><IdentifierObject IdentifierType="OAIPMH" OrderIndex="35"><Identifier>urn:theeuropeanlibrary.org:a0232:b11525599</Identifier></IdentifierObject><IdentifierObject IdentifierType="LOCAL_IDENTIFIER" OrderIndex="44"><Identifier>b11525599</Identifier><Scope>a0232</Scope></IdentifierObject><IdentifierObject IdentifierType="ISBN" OrderIndex="45"><Identifier>3453045467</Identifier></IdentifierObject><IdentifierObject ContextLevel="CONTENT" FieldSource="TEL" KnowledgeOrganizationSystem="TEL" OrderIndex="65"><Identifier>1000000091240</Identifier><Scope>TEL</Scope></IdentifierObject><IdentifierObject ContextLevel="CONTENT" FieldSource="TEL" KnowledgeOrganizationSystem="TEL" OrderIndex="66"><Identifier>1000000085815</Identifier><Scope>TEL</Scope></IdentifierObject><IdentifierObject ContextLevel="RECORD" FieldSource="TEL" OrderIndex="67" PartyIdentifierType="TEL"><Identifier>3000004184607</Identifier><Scope>TEL</Scope></IdentifierObject><IdentifierObject ContextLevel="RECORD" FieldSource="TEL" OrderIndex="68" PartyIdentifierType="TEL"><Identifier>1000021738146</Identifier><Scope>TEL</Scope></IdentifierObject><IdentifierObject ContextLevel="RECORD" FieldSource="TEL" OrderIndex="69" PartyIdentifierType="TEL"><Identifier>1000022244289</Identifier><Scope>TEL</Scope></IdentifierObject><IdentifierObject ContextLevel="RECORD" FieldSource="TEL" OrderIndex="70" PartyIdentifierType="TEL"><Identifier>1000009564603</Identifier><Scope>TEL</Scope></IdentifierObject><IdentifierObject ContextLevel="RECORD" FieldSource="TEL" OrderIndex="71" PartyIdentifierType="TEL"><Identifier>1000012660088</Identifier><Scope>TEL</Scope></IdentifierObject><IdentifierObject ContextLevel="RECORD" FieldSource="TEL" OrderIndex="72" SpatialIdentifierType="TEL"><Identifier>1000005814250</Identifier><Scope>TEL</Scope></IdentifierObject><IllustrationsObject OrderIndex="40">NO_ILLUSTRATIONS</IllustrationsObject><SpatialEntityObject OrderIndex="55" SpatialRelation="PUBLICATION"><Identifiers><Identifier>DE</Identifier><Scope>ISO3166</Scope></Identifiers></SpatialEntityObject><NamedPlaceObject OrderIndex="53" SpatialRelation="PUBLICATION"><Identifiers><Identifier>1000005814250</Identifier><Scope>TEL</Scope></Identifiers><PlaceName>München</PlaceName></NamedPlaceObject><NamedPlaceObject OrderIndex="56" SpatialRelation="SUBJECT"><PlaceName>Meklemburgia (Niemcy)</PlaceName><Subject/></NamedPlaceObject><NamedPlaceObject OrderIndex="57" SpatialRelation="SUBJECT"><PlaceName>Pomorze</PlaceName><Subject/></NamedPlaceObject><PrintTypeObject OrderIndex="39">PRINTED</PrintTypeObject><ProvenanceObject OrderIndex="36"><CollectionId>a0232</CollectionId><ProviderId>P01214</ProviderId></ProvenanceObject><StatusObject OrderIndex="32">UPDATED</StatusObject><TextObject OrderIndex="46" TextRelation="STATEMENT_OF_RESPONSIBILITY"><Content>ausgew. und hrsg. von Ernst M. Frank ; [Aut. Wolfgang Koeppen et al.].</Content></TextObject><TextObject OrderIndex="61" TextRelation="EXTENT"><Content>318 s. ;</Content></TextObject><TextObject OrderIndex="62" TextRelation="EXTENT"><Content>18 cm.</Content></TextObject><TextObject OrderIndex="63" TextRelation="DESCRIPTION"><Content>Bibliogr. s. 313-318.</Content></TextObject><OrganizationObject OrderIndex="54" PartyRelation="PUBLISHER"><PartyName>W. Heyne</PartyName></OrganizationObject><LanguageObject LanguageRelation="LANGUAGE_OF_CONTENT" OrderIndex="51">GER</LanguageObject><ResourceTypeObject OrderIndex="38">TEXT</ResourceTypeObject><TopicObject OrderIndex="58"><TopicName>Antologie</TopicName><Identifiers><Identifier>1000000091240</Identifier><Scope>TEL</Scope></Identifiers><Identifiers><Identifier>1000000085815</Identifier><Scope>TEL</Scope></Identifiers></TopicObject><TopicObject OrderIndex="59"><ChronologicalSubdivision><Instant><Time>-61549459200000</Time><Granularity>MONTH</Granularity><Uncertain>false</Uncertain></Instant></ChronologicalSubdivision><TopicName>Literatura niemiecka</TopicName></TopicObject><TopicObject OrderIndex="60"><GeneralSubdivision>tematyka</GeneralSubdivision><ChronologicalSubdivision><Instant><Time>-61549459200000</Time><Granularity>MONTH</Granularity><Uncertain>false</Uncertain></Instant></ChronologicalSubdivision><TopicName>Literatura niemiecka</TopicName></TopicObject><AudienceObject OrderIndex="43">UNKNOW</AudienceObject><InstantObject OrderIndex="34" TemporalRelation="OP_LOADED"><Time>1358943215000</Time><Granularity>SECOND</Granularity><Uncertain>false</Uncertain></InstantObject><InstantObject OrderIndex="50" TemporalRelation="PUBLICATION"><Time>725846400000</Time><Granularity>YEAR</Granularity><Uncertain>false</Uncertain></InstantObject><MetadataObject FieldSource="PROVIDER" Format="marc21" OrderIndex="37"><record xmlns="info:lc/xmlns/marcxchange-v1"><leader>01107nam a2200349 i 4500</leader><controlfield tag="001">b11525599</controlfield><controlfield tag="008">981002s1993    gw           |000 1 ger  </controlfield><datafield ind1=" " ind2=" " tag="020"><subfield code="a">3453045467</subfield></datafield><datafield ind1=" " ind2=" " tag="040"><subfield code="a">WA N</subfield><subfield code="c">WA N</subfield></datafield><datafield ind1="0" ind2="0" tag="245"><subfield code="a">Pommern :</subfield><subfield code="b">ein Lesebuch /</subfield><subfield code="c">ausgew. und hrsg. von Ernst M. Frank ; [Aut. Wolfgang Koeppen et al.].</subfield></datafield><datafield ind1=" " ind2=" " tag="250"><subfield code="a">[3. Aufl.].</subfield></datafield><datafield ind1=" " ind2=" " tag="260"><subfield code="a">München :</subfield><subfield code="b">W. Heyne,</subfield><subfield code="c">1993.</subfield></datafield><datafield ind1=" " ind2=" " tag="300"><subfield code="a">318 s. ;</subfield><subfield code="c">18 cm.</subfield></datafield><datafield ind1="1" ind2=" " tag="490"><subfield code="a">Heyne-Bücher. Heyne Allgemeine Reihe ;</subfield><subfield code="v">8143</subfield></datafield><datafield ind1=" " ind2=" " tag="504"><subfield code="a">Bibliogr. s. 313-318.</subfield></datafield><datafield ind1=" " ind2="4" tag="651"><subfield code="a">Meklemburgia (Niemcy)</subfield></datafield><datafield ind1=" " ind2="4" tag="651"><subfield code="a">Pomorze</subfield></datafield><datafield ind1=" " ind2="4" tag="655"><subfield code="a">Antologie</subfield></datafield><datafield ind1=" " ind2="4" tag="655"><subfield code="a">Literatura niemiecka</subfield><subfield code="y">18-20 w.</subfield></datafield><datafield ind1=" " ind2="4" tag="655"><subfield code="a">Literatura niemiecka</subfield><subfield code="x">tematyka</subfield><subfield code="y">18-20 w.</subfield></datafield><datafield ind1="1" ind2=" " tag="700"><subfield code="a">Frank, Ernst M.</subfield><subfield code="e">Red.</subfield></datafield><datafield ind1="1" ind2=" " tag="700"><subfield code="a">Koeppen, Wolfgang</subfield><subfield code="d">(1906-1996).</subfield></datafield><datafield ind1=" " ind2="0" tag="830"><subfield code="a">Heyne-Bücher.</subfield><subfield code="p">Heyne Allgemeine Reihe ;</subfield><subfield code="v">Nr. 8143</subfield></datafield><datafield ind1=" " ind2=" " tag="902"><subfield code="a">121211</subfield><subfield code="c">981005</subfield><subfield code="d">m</subfield><subfield code="e">a</subfield><subfield code="f">-</subfield><subfield code="g">0</subfield></datafield><datafield ind1=" " ind2=" " tag="907"><subfield code="b">bk   </subfield><subfield code="c">-</subfield></datafield><datafield ind1=" " ind2=" " tag="920"><subfield code="a">3-453-04546-7</subfield></datafield><datafield ind1=" " ind2=" " tag="960"><subfield code="a">I 1.880.509 A</subfield><subfield code="c">bk   </subfield><subfield code="h">1994 w 254/24</subfield><subfield code="i">Z 645,00</subfield><subfield code="k">1</subfield><subfield code="l">-</subfield><subfield code="o">0</subfield></datafield><datafield ind1=" " ind2=" " tag="996"><subfield code="a">.b11525599</subfield></datafield><datafield ind1=" " ind2=" " tag="998"><subfield code="a">ik</subfield><subfield code="a">o</subfield></datafield><datafield ind1=" " ind2=" " tag="999"><subfield code="a">AT</subfield><subfield code="b">js</subfield></datafield><datafield ind1=" " ind2=" " tag="999"><subfield code="a">sawi</subfield><subfield code="a">resi</subfield></datafield><datafield ind1=" " ind2=" " tag="999"><subfield code="a">ae</subfield></datafield></record>