</MetadataObject><PersonObject OrderIndex="48" PartyRelation="CONTRIBUTOR"><PartyName>Ernst M. Frank</PartyName><Identifiers><Identifier>1000012660088</Identifier><Scope>TEL</Scope></Identifiers><Identifiers><Identifier>1000021738146</Identifier><Scope>TEL</Scope></Identifiers><Identifiers><Identifier>1000009564603</Identifier><Scope>TEL</Scope></Identifiers><FirstNames>Ernst M.</FirstNames><Surname>Frank</Surname></PersonObject><PersonObject OrderIndex="49" PartyRelation="CONTRIBUTOR"><PartyName>Wolfgang Koeppen</PartyName><Identifiers><Identifier>1000022244289</Identifier><Scope>TEL</Scope></Identifiers><Identifiers><Identifier>3000004184607</Identifier><Scope>TEL</Scope></Identifiers><LifePeriod><Start><Time>-2019686400000</Time><Granularity>YEAR</Granularity><Uncertain>false</Uncertain></Start><End><Time>820454400000</Time><Granularity>YEAR</Granularity><Uncertain>false</Uncertain></End></LifePeriod><FirstNames>Wolfgang</FirstNames><Surname>Koeppen</Surname></PersonObject><EditionObject OrderIndex="52"><Number>3</Number><Statement>[3. Aufl.].</Statement></EditionObject><LinkObject FieldSource="TEL" LinkTarget="CATALOGUE_RECORD" OrderIndex="64"><Url>http://alpha.bn.org.pl/record=b1152559*pol</Url><LinkStatus>NOT_CHECKED</LinkStatus></LinkObject></MetadataRecord>
<MetadataRecord xmlns="http://theeuropeanlibrary.org/internal_object_model" ID="2000048756161"><BibliographicLevelObject OrderIndex="41">MONOGRAPH</BibliographicLevelObject><CatalogingFormObject OrderIndex="40">ISBD</CatalogingFormObject><TitleObject OrderIndex="46" TitleType="MAIN"><Title>Katyn</Title><SubTitle>der Massenmord an polnischen Offizieren</SubTitle></TitleObject><IdentifierObject IdentifierType="LOCAL_IDENTIFIER" OrderIndex="31"><Identifier>b11525484</Identifier></IdentifierObject><IdentifierObject IdentifierType="OAIPMH" OrderIndex="33"><Identifier>urn:theeuropeanlibrary.org:a0232:b11525484</Identifier></IdentifierObject><IdentifierObject IdentifierType="LOCAL_IDENTIFIER" OrderIndex="43"><Identifier>b11525484</Identifier><Scope>a0232</Scope></IdentifierObject><IdentifierObject IdentifierType="ISBN" OrderIndex="44"><Identifier>3861530295</Identifier></IdentifierObject><IdentifierObject ContextLevel="RECORD" FieldSource="TEL" OrderIndex="61" PartyIdentifierType="TEL"><Identifier>1000021422328</Identifier><Scope>TEL</Scope></IdentifierObject><IdentifierObject ContextLevel="RECORD" FieldSource="TEL" OrderIndex="62" PartyIdentifierType="TEL"><Identifier>1000015641633</Identifier><Scope>TEL</Scope></IdentifierObject><IdentifierObject ContextLevel="RECORD" FieldSource="TEL" OrderIndex="63" PartyIdentifierType="TEL"><Identifier>1000021517321</Identifier><Scope>TEL</Scope></IdentifierObject><IdentifierObject ContextLevel="RECORD" FieldSource="TEL" OrderIndex="64" SpatialIdentifierType="TEL"><Identifier>1000010290086</Identifier><Scope>TEL</Scope></IdentifierObject><IllustrationsObject OrderIndex="38">ILLUSTRATIONS</IllustrationsObject><IllustrationsObject OrderIndex="39">NO_ILLUSTRATIONS</IllustrationsObject><SpatialEntityObject OrderIndex="53" SpatialRelation="PUBLICATION"><Identifiers><Identifier>DE</Identifier><Scope>ISO3166</Scope></Identifiers></SpatialEntityObject><NamedPlaceObject OrderIndex="51" SpatialRelation="PUBLICATION"><Identifiers><Identifier>1000010290086</Identifier><Scope>TEL</Scope></Identifiers><PlaceName>Berlin</PlaceName></NamedPlaceObject><PrintTypeObject OrderIndex="37">PRINTED</PrintTypeObject><ProvenanceObject OrderIndex="34"><CollectionId>a0232</CollectionId><ProviderId>P01214</ProviderId></ProvenanceObject><StatusObject OrderIndex="30">UPDATED</StatusObject><TextObject OrderIndex="45" TextRelation="STATEMENT_OF_RESPONSIBILITY"><Content>Gerhard Kaiser, Andrzej Leszek Szcześniak.</Content></TextObject><TextObject OrderIndex="55" TextRelation="FORMAT_UNCONTROLED"><Content>fot., 1 mapa ;</Content></TextObject><TextObject OrderIndex="56" TextRelation="EXTENT"><Content>336 s. :</Content></TextObject><TextObject OrderIndex="57" TextRelation="EXTENT"><Content>20 cm.</Content></TextObject><TextObject OrderIndex="58" TextRelation="DESCRIPTION"><Content>Bibliogr. s. 299-304. - Indeksy.</Content></TextObject><TextObject NoteType="EXTERNAL_INDEXES" OrderIndex="59" TextRelation="NOTE"><Content>DNB 1992. A 31 s. 76.</Content></TextObject><OrganizationObject OrderIndex="52" PartyRelation="PUBLISHER"><PartyName>Links</PartyName><Identifiers><Identifier>1000021422328</Identifier><Scope>TEL</Scope></Identifiers><Identifiers><Identifier>1000021517321</Identifier><Scope>TEL</Scope></Identifiers></OrganizationObject><LanguageObject LanguageRelation="LANGUAGE_OF_CONTENT" OrderIndex="50">GER</LanguageObject><ResourceTypeObject OrderIndex="36">TEXT</ResourceTypeObject><TopicObject OrderIndex="54"><TopicName>Egzekucja polskich oficerów w Katyniu</TopicName></TopicObject><AudienceObject OrderIndex="42">UNKNOW</AudienceObject><InstantObject OrderIndex="32" TemporalRelation="OP_LOADED"><Time>1358943216000</Time><Granularity>SECOND</Granularity><Uncertain>false</Uncertain></InstantObject><InstantObject OrderIndex="49" TemporalRelation="PUBLICATION"><Time>694224000000</Time><Granularity>YEAR</Granularity><Uncertain>false</Uncertain></InstantObject><MetadataObject FieldSource="PROVIDER" Format="marc21" OrderIndex="35"><record xmlns="info:lc/xmlns/marcxchange-v1"><leader>00939nam a2200277 i 4500</leader><controlfield tag="001">b11525484</controlfield><controlfield tag="008">981002s1992    gw a         |001 0 ger d</controlfield><datafield ind1=" " ind2=" " tag="020"><subfield code="a">3861530295</subfield></datafield><datafield ind1=" " ind2=" " tag="040"><subfield code="a">WA N</subfield><subfield code="c">WA N</subfield></datafield><datafield ind1="1" ind2=" " tag="100"><subfield code="a">Kaiser, Gerhard</subfield><subfield code="d">(1933- ).</subfield></datafield><datafield ind1="1" ind2="0" tag="245"><subfield code="a">Katyn :</subfield><subfield code="b">der Massenmord an polnischen Offizieren /</subfield><subfield code="c">Gerhard Kaiser, Andrzej Leszek Szcześniak.</subfield></datafield><datafield ind1=" " ind2=" " tag="260"><subfield code="a">Berlin :</subfield><subfield code="b">Links,</subfield><subfield code="c">1992.</subfield></datafield><datafield ind1=" " ind2=" " tag="300"><subfield code="a">336 s. :</subfield><subfield code="b">fot., 1 mapa ;</subfield><subfield code="c">20 cm.</subfield></datafield><datafield ind1=" " ind2=" " tag="504"><subfield code="a">Bibliogr. s. 299-304. - Indeksy.</subfield></datafield><datafield ind1="4" ind2=" " tag="510"><subfield code="a">DNB 1992</subfield><subfield code="c">A 31 s. 76.</subfield></datafield><datafield ind1=" " ind2="4" tag="650"><subfield code="a">Egzekucja polskich oficerów w Katyniu</subfield></datafield><datafield ind1="1" ind2=" " tag="700"><subfield code="a">Szcześniak, Andrzej Leszek</subfield><subfield code="d">(1932-2003).</subfield></datafield><datafield ind1=" " ind2=" " tag="902"><subfield code="a">121219</subfield><subfield code="c">981005</subfield><subfield code="d">m</subfield><subfield code="e">a</subfield><subfield code="f">-</subfield><subfield code="g">0</subfield></datafield><datafield ind1=" " ind2=" " tag="907"><subfield code="b">bk   </subfield><subfield code="c">-</subfield></datafield><datafield ind1=" " ind2=" " tag="920"><subfield code="a">3-86153-029-5</subfield></datafield><datafield ind1=" " ind2=" " tag="960"><subfield code="a">I 1.764.604</subfield><subfield code="c">bk   </subfield><subfield code="d">30001003343433</subfield><subfield code="h">1994 d 448</subfield><subfield code="i">Z 0,60</subfield><subfield code="k">1</subfield><subfield code="l">-</subfield><subfield code="o">1</subfield></datafield><datafield ind1=" " ind2=" " tag="960"><subfield code="a">I 1.880.003 A</subfield><subfield code="c">bk   </subfield><subfield code="h">1994 w 254/11</subfield><subfield code="i">Z 0,60</subfield><subfield code="k">1</subfield><subfield code="l">-</subfield><subfield code="o">0</subfield></datafield><datafield ind1=" " ind2=" " tag="996"><subfield code="a">.b11525484</subfield></datafield><datafield ind1=" " ind2=" " tag="998"><subfield code="a">ik</subfield><subfield code="a">o</subfield></datafield><datafield ind1=" " ind2=" " tag="999"><subfield code="a">anno</subfield></datafield><datafield ind1=" " ind2=" " tag="999"><subfield code="a">AT</subfield><subfield code="b">js</subfield></datafield></record>