</MetadataObject><PersonObject OrderIndex="42" PartyRelation="CREATOR"><PartyName>Czesław Miłosz</PartyName><Identifiers><Identifier>1000022261012</Identifier><Scope>TEL</Scope></Identifiers><Identifiers><Identifier>2000070504261</Identifier><Scope>TEL</Scope></Identifiers><Identifiers><Identifier>2000076285510</Identifier><Scope>TEL</Scope></Identifiers><Identifiers><Identifier>1000016409393</Identifier><Scope>TEL</Scope></Identifiers><LifePeriod><Start><Time>-1861920000000</Time><Granularity>YEAR</Granularity><Uncertain>false</Uncertain></Start><End><Time>1072915200000</Time><Granularity>YEAR</Granularity><Uncertain>false</Uncertain></End></LifePeriod><FirstNames>Czesław</FirstNames><Surname>Miłosz</Surname></PersonObject><PersonObject OrderIndex="43" PartyRelation="CONTRIBUTOR"><PartyName>Robert Hass</PartyName><Identifiers><Identifier>2000073385257</Identifier><Scope>TEL</Scope></Identifiers><Identifiers><Identifier>1000015371491</Identifier><Scope>TEL</Scope></Identifiers><Identifiers><Identifier>1000021576525</Identifier><Scope>TEL</Scope></Identifiers><Identifiers><Identifier>1000013581682</Identifier><Scope>TEL</Scope></Identifiers><LifePeriod><Start><Time>-915152400000</Time><Granularity>YEAR</Granularity><Uncertain>false</Uncertain></Start></LifePeriod><FirstNames>Robert</FirstNames><Surname>Hass</Surname></PersonObject><LinkObject FieldSource="TEL" LinkTarget="CATALOGUE_RECORD" OrderIndex="52"><Url>http://alpha.bn.org.pl/record=b1152571*pol</Url><LinkStatus>NOT_CHECKED</LinkStatus></LinkObject></MetadataRecord>
<MetadataRecord xmlns="http://theeuropeanlibrary.org/internal_object_model" ID="2000048755245"><BibliographicLevelObject OrderIndex="35">MONOGRAPH</BibliographicLevelObject><CatalogingFormObject OrderIndex="34">ISBD</CatalogingFormObject><TitleObject OrderIndex="38" TitleType="MAIN"><Title>Grammatyka łacińskiego języka krótkim i iasnym sposobem napisana</Title></TitleObject><IdentifierObject IdentifierType="LOCAL_IDENTIFIER" OrderIndex="26"><Identifier>b11516264</Identifier></IdentifierObject><IdentifierObject IdentifierType="OAIPMH" OrderIndex="28"><Identifier>urn:theeuropeanlibrary.org:a0232:b11516264</Identifier></IdentifierObject><IdentifierObject IdentifierType="LOCAL_IDENTIFIER" OrderIndex="37"><Identifier>b11516264</Identifier><Scope>a0232</Scope></IdentifierObject><IdentifierObject ContextLevel="RECORD" FieldSource="TEL" OrderIndex="51" SpatialIdentifierType="TEL"><Identifier>1000001606449</Identifier><Scope>TEL</Scope></IdentifierObject><IllustrationsObject OrderIndex="33">NO_ILLUSTRATIONS</IllustrationsObject><SpatialEntityObject OrderIndex="44" SpatialRelation="PUBLICATION"><Identifiers><Identifier>PL</Identifier><Scope>ISO3166</Scope></Identifiers></SpatialEntityObject><NamedPlaceObject OrderIndex="42" SpatialRelation="PUBLICATION"><Identifiers><Identifier>1000001606449</Identifier><Scope>TEL</Scope></Identifiers><PlaceName>Lublin</PlaceName></NamedPlaceObject><PrintTypeObject OrderIndex="32">PRINTED</PrintTypeObject><ProvenanceObject OrderIndex="29"><CollectionId>a0232</CollectionId><ProviderId>P01214</ProviderId></ProvenanceObject><StatusObject OrderIndex="25">UPDATED</StatusObject><TextObject OrderIndex="46" TextRelation="EXTENT"><Content>[8], 194, [6] s. ;</Content></TextObject><TextObject OrderIndex="47" TextRelation="EXTENT"><Content>16 cm.</Content></TextObject><TextObject NoteType="GENERAL" OrderIndex="48" TextRelation="NOTE"><Content>Nazwa aut. pod przedm.</Content></TextObject><TextObject NoteType="EXTERNAL_INDEXES" OrderIndex="49" TextRelation="NOTE"><Content>Estr XIX. t. 4 s. 10.</Content></TextObject><OrganizationObject OrderIndex="43" PartyRelation="PUBLISHER"><PartyName>w Druk. Uprzyw. XX Trynitarzów</PartyName></OrganizationObject><LanguageObject LanguageRelation="LANGUAGE_OF_CONTENT" OrderIndex="41">POL</LanguageObject><ResourceTypeObject OrderIndex="31">TEXT</ResourceTypeObject><TopicObject OrderIndex="45"><GeneralSubdivision>gramatyka</GeneralSubdivision><TopicName>Język łaciński</TopicName></TopicObject><AudienceObject OrderIndex="36">UNKNOW</AudienceObject><InstantObject OrderIndex="27" TemporalRelation="OP_LOADED"><Time>1358942912000</Time><Granularity>SECOND</Granularity><Uncertain>false</Uncertain></InstantObject><InstantObject OrderIndex="40" TemporalRelation="PUBLICATION"><Time>-5333126400000</Time><Granularity>YEAR</Granularity><Uncertain>false</Uncertain></InstantObject><MetadataObject FieldSource="PROVIDER" Format="marc21" OrderIndex="30"><record xmlns="info:lc/xmlns/marcxchange-v1"><leader>00890nam a2200253 i 4500</leader><controlfield tag="001">b11516264</controlfield><controlfield tag="008">981002s1801    pl           |000 0 pol  </controlfield><datafield ind1=" " ind2=" " tag="040"><subfield code="a">WA N</subfield><subfield code="c">WA N</subfield></datafield><datafield ind1="1" ind2=" " tag="100"><subfield code="a">Radliński, Salwator.</subfield></datafield><datafield ind1="1" ind2="0" tag="245"><subfield code="a">Grammatyka łacińskiego języka krótkim i iasnym sposobem napisana /</subfield><subfield code="c">[Salwator Radliński].</subfield></datafield><datafield ind1=" " ind2=" " tag="260"><subfield code="a">Lublin :</subfield><subfield code="b">w Druk. Uprzyw. XX Trynitarzów,</subfield><subfield code="c">1801.</subfield></datafield><datafield ind1=" " ind2=" " tag="300"><subfield code="a">[8], 194, [6] s. ;</subfield><subfield code="c">16 cm.</subfield></datafield><datafield ind1=" " ind2=" " tag="500"><subfield code="a">Nazwa aut. pod przedm.</subfield></datafield><datafield ind1="4" ind2=" " tag="510"><subfield code="a">Estr XIX</subfield><subfield code="c">t. 4 s. 10.</subfield></datafield><datafield ind1=" " ind2="4" tag="650"><subfield code="a">Język łaciński</subfield><subfield code="x">gramatyka</subfield></datafield><datafield ind1=" " ind2=" " tag="902"><subfield code="a">121211</subfield><subfield code="c">981005</subfield><subfield code="d">m</subfield><subfield code="e">a</subfield><subfield code="f">-</subfield><subfield code="g">0</subfield></datafield><datafield ind1=" " ind2=" " tag="907"><subfield code="b">bk   </subfield><subfield code="c">-</subfield></datafield><datafield ind1=" " ind2=" " tag="960"><subfield code="a">I 238.929</subfield><subfield code="c">bk   </subfield><subfield code="d">30001004804714</subfield><subfield code="h">st. z.</subfield><subfield code="i">Z 0,00</subfield><subfield code="l">-</subfield><subfield code="o">1</subfield></datafield><datafield ind1=" " ind2=" " tag="960"><subfield code="a">I 2.047.562</subfield><subfield code="c">bk   </subfield><subfield code="h">Kras. 42934</subfield><subfield code="i">Z 500,00</subfield><subfield code="l">-</subfield><subfield code="o">1</subfield></datafield><datafield ind1=" " ind2=" " tag="960"><subfield code="a">I 85.076 A</subfield><subfield code="c">bk   </subfield><subfield code="d">30001003403294</subfield><subfield code="h">1946 d 1765/1922</subfield><subfield code="i">Z 0,00</subfield><subfield code="l">-</subfield><subfield code="o">0</subfield></datafield><datafield ind1=" " ind2=" " tag="996"><subfield code="a">.b11516264</subfield></datafield><datafield ind1=" " ind2=" " tag="998"><subfield code="a">ik</subfield><subfield code="a">o</subfield></datafield><datafield ind1=" " ind2=" " tag="999"><subfield code="a">jk</subfield><subfield code="b">as</subfield><subfield code="b">bm</subfield></datafield><datafield ind1=" " ind2=" " tag="999"><subfield code="a">rodo</subfield></datafield></record>