</MetadataObject><PersonObject OrderIndex="39" PartyRelation="CREATOR"><PartyName>Salwator. Radliński</PartyName><FirstNames>Salwator.</FirstNames><Surname>Radliński</Surname></PersonObject><LinkObject FieldSource="TEL" LinkTarget="CATALOGUE_RECORD" OrderIndex="50"><Url>http://alpha.bn.org.pl/record=b1151626*pol</Url><LinkStatus>NOT_CHECKED</LinkStatus></LinkObject></MetadataRecord>
<MetadataRecord xmlns="http://theeuropeanlibrary.org/internal_object_model" ID="2000048755232"><BibliographicLevelObject OrderIndex="37">MONOGRAPH</BibliographicLevelObject><CatalogingFormObject OrderIndex="36">ISBD</CatalogingFormObject><TitleObject OrderIndex="41" TitleType="MAIN"><Title>Aleksander Sobański</Title></TitleObject><IdentifierObject IdentifierType="LOCAL_IDENTIFIER" OrderIndex="28"><Identifier>b11516136</Identifier></IdentifierObject><IdentifierObject IdentifierType="OAIPMH" OrderIndex="30"><Identifier>urn:theeuropeanlibrary.org:a0232:b11516136</Identifier></IdentifierObject><IdentifierObject IdentifierType="LOCAL_IDENTIFIER" OrderIndex="39"><Identifier>b11516136</Identifier><Scope>a0232</Scope></IdentifierObject><IdentifierObject ContextLevel="RECORD" FieldSource="TEL" OrderIndex="55" SpatialIdentifierType="TEL"><Identifier>1000001480248</Identifier><Scope>TEL</Scope></IdentifierObject><IllustrationsObject OrderIndex="35">NO_ILLUSTRATIONS</IllustrationsObject><SpatialEntityObject OrderIndex="47" SpatialRelation="PUBLICATION"><Identifiers><Identifier>UA</Identifier><Scope>ISO3166</Scope></Identifiers></SpatialEntityObject><NamedPlaceObject OrderIndex="45" SpatialRelation="PUBLICATION"><Identifiers><Identifier>1000001480248</Identifier><Scope>TEL</Scope></Identifiers><PlaceName>Lwów</PlaceName></NamedPlaceObject><PrintTypeObject OrderIndex="34">PRINTED</PrintTypeObject><ProvenanceObject OrderIndex="31"><CollectionId>a0232</CollectionId><ProviderId>P01214</ProviderId></ProvenanceObject><StatusObject OrderIndex="27">UPDATED</StatusObject><TextObject OrderIndex="48" TextRelation="EXTENT"><Content>13 s. ;</Content></TextObject><TextObject OrderIndex="49" TextRelation="EXTENT"><Content>18 cm.</Content></TextObject><TextObject NoteType="GENERAL" OrderIndex="50" TextRelation="NOTE"><Content>Odb. z "Gazety Narodowej".</Content></TextObject><TextObject NoteType="GENERAL" OrderIndex="51" TextRelation="NOTE"><Content>Krypt. aut. pod tekstem.</Content></TextObject><TextObject NoteType="GENERAL" OrderIndex="52" TextRelation="NOTE"><Content>Nazwa aut.: Stefan Buszczyński.</Content></TextObject><TextObject NoteType="EXTERNAL_INDEXES" OrderIndex="53" TextRelation="NOTE"><Content>Estr XIX. 2 wyd. t. 2 s. 635.</Content></TextObject><OrganizationObject OrderIndex="46" PartyRelation="PUBLISHER"><PartyName>s. n.</PartyName></OrganizationObject><LanguageObject LanguageRelation="LANGUAGE_OF_CONTENT" OrderIndex="44">POL</LanguageObject><ResourceTypeObject OrderIndex="33">TEXT</ResourceTypeObject><AudienceObject OrderIndex="38">UNKNOW</AudienceObject><InstantObject OrderIndex="29" TemporalRelation="OP_LOADED"><Time>1358943205000</Time><Granularity>SECOND</Granularity><Uncertain>false</Uncertain></InstantObject><InstantObject OrderIndex="43" TemporalRelation="PUBLICATION"><Time>-3092601600000</Time><Granularity>YEAR</Granularity><Uncertain>false</Uncertain></InstantObject><MetadataObject FieldSource="PROVIDER" Format="marc21" OrderIndex="32"><record xmlns="info:lc/xmlns/marcxchange-v1"><leader>00975nam a2200277 i 4500</leader><controlfield tag="001">b11516136</controlfield><controlfield tag="008">981002s1872    un           |000 0 pol d</controlfield><datafield ind1=" " ind2=" " tag="040"><subfield code="a">WA N</subfield><subfield code="c">WA N</subfield></datafield><datafield ind1="1" ind2=" " tag="100"><subfield code="a">Buszczyński, Stefan</subfield><subfield code="d">(1821-1892).</subfield></datafield><datafield ind1="1" ind2="0" tag="245"><subfield code="a">Aleksander Sobański /</subfield><subfield code="c">[B. krypt.].</subfield></datafield><datafield ind1=" " ind2=" " tag="260"><subfield code="a">Lwów :</subfield><subfield code="b">[s. n.],</subfield><subfield code="c">1872</subfield><subfield code="e">([Lwów] :</subfield><subfield code="f">J. Dobrzański i K. Groman).</subfield></datafield><datafield ind1=" " ind2=" " tag="300"><subfield code="a">13 s. ;</subfield><subfield code="c">18 cm.</subfield></datafield><datafield ind1=" " ind2=" " tag="500"><subfield code="a">Odb. z "Gazety Narodowej".</subfield></datafield><datafield ind1=" " ind2=" " tag="500"><subfield code="a">Krypt. aut. pod tekstem.</subfield></datafield><datafield ind1=" " ind2=" " tag="500"><subfield code="a">Nazwa aut.: Stefan Buszczyński.</subfield></datafield><datafield ind1="4" ind2=" " tag="510"><subfield code="a">Estr XIX. 2 wyd.</subfield><subfield code="c">t. 2 s. 635.</subfield></datafield><datafield ind1=" " ind2=" " tag="691"><subfield code="1">Hist.</subfield><subfield code="3">Polska.</subfield><subfield code="5">Biogr.</subfield><subfield code="7">Sobański Aleksander.</subfield></datafield><datafield ind1="4" ind2="1" tag="856"><subfield code="u">http://www.polona.pl/dlibra/doccontent2?id=12357</subfield><subfield code="z">Reprodukcja cyfrowa w cBN Polona</subfield></datafield><datafield ind1=" " ind2=" " tag="902"><subfield code="a">121219</subfield><subfield code="c">981005</subfield><subfield code="d">m</subfield><subfield code="e">a</subfield><subfield code="f">-</subfield><subfield code="g">0</subfield></datafield><datafield ind1=" " ind2=" " tag="907"><subfield code="b">multi</subfield><subfield code="c">-</subfield></datafield><datafield ind1=" " ind2=" " tag="960"><subfield code="c">zdj  </subfield><subfield code="i">Z 0,00</subfield><subfield code="l">-</subfield><subfield code="o">24</subfield><subfield code="x">cbn-eg</subfield></datafield><datafield ind1=" " ind2=" " tag="960"><subfield code="a">I 2.074.497 A</subfield><subfield code="c">bk   </subfield><subfield code="d">30001006000071</subfield><subfield code="h">Kras. 66371</subfield><subfield code="i">Z 150,00</subfield><subfield code="l">-</subfield><subfield code="o">0</subfield></datafield><datafield ind1=" " ind2=" " tag="996"><subfield code="a">.b11516136</subfield></datafield><datafield ind1=" " ind2=" " tag="998"><subfield code="a">o</subfield></datafield><datafield ind1=" " ind2=" " tag="999"><subfield code="a">jk</subfield><subfield code="b">as</subfield><subfield code="b">ae</subfield></datafield><datafield ind1=" " ind2=" " tag="999"><subfield code="a">sawi</subfield></datafield></record>