</MetadataObject><PersonObject OrderIndex="42" PartyRelation="CREATOR"><PartyName>Stefan Buszczyński</PartyName><LifePeriod><Start><Time>-4701974400000</Time><Granularity>YEAR</Granularity><Uncertain>false</Uncertain></Start><End><Time>-2461449600000</Time><Granularity>YEAR</Granularity><Uncertain>false</Uncertain></End></LifePeriod><FirstNames>Stefan</FirstNames><Surname>Buszczyński</Surname></PersonObject><LinkObject LinkTarget="DIGITAL_OBJECT" OrderIndex="40"><Url>http://www.polona.pl/dlibra/doccontent2?id=12357</Url><LinkStatus>NOT_CHECKED</LinkStatus></LinkObject><LinkObject FieldSource="TEL" LinkTarget="CATALOGUE_RECORD" OrderIndex="54"><Url>http://alpha.bn.org.pl/record=b1151613*pol</Url><LinkStatus>NOT_CHECKED</LinkStatus></LinkObject></MetadataRecord>
<MetadataRecord xmlns="http://theeuropeanlibrary.org/internal_object_model" ID="2000048755254"><BibliographicLevelObject OrderIndex="38">MONOGRAPH</BibliographicLevelObject><CatalogingFormObject OrderIndex="37">ISBD</CatalogingFormObject><TitleObject OrderIndex="42" TitleType="MAIN"><Title>Franciska von Rimini</Title><SubTitle>Trauerspiel in fünf Akten</SubTitle></TitleObject><IdentifierObject IdentifierType="LOCAL_IDENTIFIER" OrderIndex="29"><Identifier>b11516355</Identifier></IdentifierObject><IdentifierObject IdentifierType="OAIPMH" OrderIndex="31"><Identifier>urn:theeuropeanlibrary.org:a0232:b11516355</Identifier></IdentifierObject><IdentifierObject IdentifierType="LOCAL_IDENTIFIER" OrderIndex="40"><Identifier>b11516355</Identifier><Scope>a0232</Scope></IdentifierObject><IdentifierObject ContextLevel="RECORD" FieldSource="TEL" OrderIndex="57" PartyIdentifierType="TEL"><Identifier>1000022211302</Identifier><Scope>TEL</Scope></IdentifierObject><IdentifierObject ContextLevel="RECORD" FieldSource="TEL" OrderIndex="58" PartyIdentifierType="TEL"><Identifier>3000003027696</Identifier><Scope>TEL</Scope></IdentifierObject><IdentifierObject ContextLevel="RECORD" FieldSource="TEL" OrderIndex="59" PartyIdentifierType="TEL"><Identifier>2000071685667</Identifier><Scope>TEL</Scope></IdentifierObject><IdentifierObject ContextLevel="RECORD" FieldSource="TEL" OrderIndex="60" SpatialIdentifierType="TEL"><Identifier>1000010290086</Identifier><Scope>TEL</Scope></IdentifierObject><IllustrationsObject OrderIndex="36">NO_ILLUSTRATIONS</IllustrationsObject><SpatialEntityObject OrderIndex="49" SpatialRelation="PUBLICATION"><Identifiers><Identifier>DE</Identifier><Scope>ISO3166</Scope></Identifiers></SpatialEntityObject><NamedPlaceObject OrderIndex="47" SpatialRelation="PUBLICATION"><Identifiers><Identifier>1000010290086</Identifier><Scope>TEL</Scope></Identifiers><PlaceName>Berlin</PlaceName></NamedPlaceObject><PrintTypeObject OrderIndex="35">PRINTED</PrintTypeObject><ProvenanceObject OrderIndex="32"><CollectionId>a0232</CollectionId><ProviderId>P01214</ProviderId></ProvenanceObject><StatusObject OrderIndex="28">UPDATED</StatusObject><TextObject OrderIndex="41" TextRelation="STATEMENT_OF_RESPONSIBILITY"><Content>von Silvio Pellico.</Content></TextObject><TextObject OrderIndex="51" TextRelation="EXTENT"><Content>95, [1] s. ;</Content></TextObject><TextObject OrderIndex="52" TextRelation="EXTENT"><Content>14 cm.</Content></TextObject><TextObject NoteType="EXTERNAL_INDEXES" OrderIndex="53" TextRelation="NOTE"><Content>NUC Pre-1956.</Content></TextObject><TextObject NoteType="EXTERNAL_INDEXES" OrderIndex="54" TextRelation="NOTE"><Content>CG.</Content></TextObject><TextObject OrderIndex="55" TextRelation="DESCRIPTION"><Content>2 tyt. i tekst równol. wł. i niem.</Content></TextObject><OrganizationObject OrderIndex="48" PartyRelation="PUBLISHER"><PartyName>s. n.</PartyName></OrganizationObject><LanguageObject LanguageRelation="LANGUAGE_OF_CONTENT" OrderIndex="45">GER</LanguageObject><LanguageObject LanguageRelation="LANGUAGE_OF_CONTENT" OrderIndex="46">ITA</LanguageObject><ResourceTypeObject OrderIndex="34">TEXT</ResourceTypeObject><TopicObject OrderIndex="50"><ChronologicalSubdivision><Instant><Time>-61567776000000</Time><Granularity>YEAR</Granularity><Uncertain>false</Uncertain></Instant></ChronologicalSubdivision><TopicName>Dramat włoski</TopicName></TopicObject><AudienceObject OrderIndex="39">UNKNOW</AudienceObject><InstantObject OrderIndex="30" TemporalRelation="OP_LOADED"><Time>1358943205000</Time><Granularity>SECOND</Granularity><Uncertain>false</Uncertain></InstantObject><InstantObject OrderIndex="44" TemporalRelation="PUBLICATION"><Time>-5364662400000</Time><Granularity>CENTURY</Granularity><Uncertain>false</Uncertain></InstantObject><MetadataObject FieldSource="PROVIDER" Format="marc21" OrderIndex="33"><record xmlns="info:lc/xmlns/marcxchange-v1"><leader>00766nam a2200253 i 4500</leader><controlfield tag="001">b11516355</controlfield><controlfield tag="008">981002s18uu    gw           |000 d ger  </controlfield><datafield ind1=" " ind2=" " tag="040"><subfield code="a">WA N</subfield><subfield code="c">WA N</subfield></datafield><datafield ind1="1" ind2=" " tag="041"><subfield code="a">ger</subfield><subfield code="a">ita</subfield><subfield code="h">ita</subfield></datafield><datafield ind1="1" ind2=" " tag="100"><subfield code="a">Pellico, Silvio</subfield><subfield code="d">(1789-1854).</subfield></datafield><datafield ind1="1" ind2="0" tag="245"><subfield code="a">Franciska von Rimini :</subfield><subfield code="b">Trauerspiel in fünf Akten /</subfield><subfield code="c">von Silvio Pellico.</subfield></datafield><datafield ind1=" " ind2=" " tag="260"><subfield code="a">Berlin :</subfield><subfield code="b">[s. n.,</subfield><subfield code="c">18-]</subfield><subfield code="e">([Berlin] :</subfield><subfield code="f">R. Decker).</subfield></datafield><datafield ind1=" " ind2=" " tag="300"><subfield code="a">95, [1] s. ;</subfield><subfield code="c">14 cm.</subfield></datafield><datafield ind1="3" ind2=" " tag="510"><subfield code="a">NUC Pre-1956.</subfield></datafield><datafield ind1="3" ind2=" " tag="510"><subfield code="a">CG.</subfield></datafield><datafield ind1=" " ind2=" " tag="546"><subfield code="a">2 tyt. i tekst równol. wł. i niem.</subfield></datafield><datafield ind1=" " ind2="4" tag="655"><subfield code="a">Dramat włoski</subfield><subfield code="y">19 w.</subfield></datafield><datafield ind1=" " ind2=" " tag="902"><subfield code="a">121211</subfield><subfield code="c">981005</subfield><subfield code="d">m</subfield><subfield code="e">a</subfield><subfield code="f">-</subfield><subfield code="g">0</subfield></datafield><datafield ind1=" " ind2=" " tag="907"><subfield code="b">bk   </subfield><subfield code="c">-</subfield></datafield><datafield ind1=" " ind2=" " tag="960"><subfield code="a">I 2.047.623</subfield><subfield code="c">bk   </subfield><subfield code="h">Kras. 4089</subfield><subfield code="i">Z 500,00</subfield><subfield code="l">-</subfield><subfield code="o">1</subfield></datafield><datafield ind1=" " ind2=" " tag="996"><subfield code="a">.b11516355</subfield></datafield><datafield ind1=" " ind2=" " tag="998"><subfield code="a">ik</subfield><subfield code="a">o</subfield></datafield><datafield ind1=" " ind2=" " tag="999"><subfield code="a">as</subfield><subfield code="b">zb</subfield><subfield code="b">bm</subfield></datafield><datafield ind1=" " ind2=" " tag="999"><subfield code="a">elke</subfield></datafield></record>