</MetadataObject><PersonObject OrderIndex="43" PartyRelation="CREATOR"><PartyName>Silvio Pellico</PartyName><Identifiers><Identifier>1000022211302</Identifier><Scope>TEL</Scope></Identifiers><Identifiers><Identifier>3000003027696</Identifier><Scope>TEL</Scope></Identifiers><Identifiers><Identifier>2000071685667</Identifier><Scope>TEL</Scope></Identifiers><LifePeriod><Start><Time>-5711731200000</Time><Granularity>YEAR</Granularity><Uncertain>false</Uncertain></Start><End><Time>-3660595200000</Time><Granularity>YEAR</Granularity><Uncertain>false</Uncertain></End></LifePeriod><FirstNames>Silvio</FirstNames><Surname>Pellico</Surname></PersonObject><LinkObject FieldSource="TEL" LinkTarget="CATALOGUE_RECORD" OrderIndex="56"><Url>http://alpha.bn.org.pl/record=b1151635*pol</Url><LinkStatus>NOT_CHECKED</LinkStatus></LinkObject></MetadataRecord>
<MetadataRecord xmlns="http://theeuropeanlibrary.org/internal_object_model" ID="2000048755212"><BibliographicLevelObject OrderIndex="35">MONOGRAPH</BibliographicLevelObject><CatalogingFormObject OrderIndex="34">ISBD</CatalogingFormObject><TitleObject OrderIndex="38" TitleType="MAIN"><Title>Teorya krzywych iloczynowych</Title></TitleObject><IdentifierObject IdentifierType="LOCAL_IDENTIFIER" OrderIndex="26"><Identifier>b11515934</Identifier></IdentifierObject><IdentifierObject IdentifierType="OAIPMH" OrderIndex="28"><Identifier>urn:theeuropeanlibrary.org:a0232:b11515934</Identifier></IdentifierObject><IdentifierObject IdentifierType="LOCAL_IDENTIFIER" OrderIndex="37"><Identifier>b11515934</Identifier><Scope>a0232</Scope></IdentifierObject><IdentifierObject ContextLevel="RECORD" FieldSource="TEL" OrderIndex="51" PartyIdentifierType="TEL"><Identifier>1000015883013</Identifier><Scope>TEL</Scope></IdentifierObject><IdentifierObject ContextLevel="RECORD" FieldSource="TEL" OrderIndex="52" SpatialIdentifierType="TEL"><Identifier>1000001587202</Identifier><Scope>TEL</Scope></IdentifierObject><IllustrationsObject OrderIndex="33">NO_ILLUSTRATIONS</IllustrationsObject><SpatialEntityObject OrderIndex="44" SpatialRelation="PUBLICATION"><Identifiers><Identifier>PL</Identifier><Scope>ISO3166</Scope></Identifiers></SpatialEntityObject><NamedPlaceObject OrderIndex="42" SpatialRelation="PUBLICATION"><Identifiers><Identifier>1000001587202</Identifier><Scope>TEL</Scope></Identifiers><PlaceName>Warszawa</PlaceName></NamedPlaceObject><PrintTypeObject OrderIndex="32">PRINTED</PrintTypeObject><ProvenanceObject OrderIndex="29"><CollectionId>a0232</CollectionId><ProviderId>P01214</ProviderId></ProvenanceObject><StatusObject OrderIndex="25">UPDATED</StatusObject><TextObject OrderIndex="47" TextRelation="EXTENT"><Content>V, [1], 195, [2], VIII-XIV, [2] s., III k. tabl. ;</Content></TextObject><TextObject OrderIndex="48" TextRelation="EXTENT"><Content>20 cm.</Content></TextObject><TextObject NoteType="EXTERNAL_INDEXES" OrderIndex="49" TextRelation="NOTE"><Content>Estr XIX. t. 4 s. 41.</Content></TextObject><OrganizationObject OrderIndex="43" PartyRelation="PUBLISHER"><PartyName>nakł. aut.</PartyName></OrganizationObject><LanguageObject LanguageRelation="LANGUAGE_OF_CONTENT" OrderIndex="41">POL</LanguageObject><ResourceTypeObject OrderIndex="31">TEXT</ResourceTypeObject><TopicObject OrderIndex="45"><TopicName>Krzywe</TopicName></TopicObject><TopicObject OrderIndex="46"><TopicName>Równania algebraiczne</TopicName></TopicObject><AudienceObject OrderIndex="36">UNKNOW</AudienceObject><InstantObject OrderIndex="27" TemporalRelation="OP_LOADED"><Time>1358943206000</Time><Granularity>SECOND</Granularity><Uncertain>false</Uncertain></InstantObject><InstantObject OrderIndex="40" TemporalRelation="PUBLICATION"><Time>-4544208000000</Time><Granularity>YEAR</Granularity><Uncertain>false</Uncertain></InstantObject><MetadataObject FieldSource="PROVIDER" Format="marc21" OrderIndex="30"><record xmlns="info:lc/xmlns/marcxchange-v1"><leader>00857nam a2200241 i 4500</leader><controlfield tag="001">b11515934</controlfield><controlfield tag="008">981002s1826    pl           |000 0 pol  </controlfield><datafield ind1=" " ind2=" " tag="040"><subfield code="a">WA N</subfield><subfield code="c">WA N</subfield></datafield><datafield ind1="1" ind2=" " tag="100"><subfield code="a">Rembieliński, Ludwik.</subfield></datafield><datafield ind1="1" ind2="0" tag="245"><subfield code="a">Teorya krzywych iloczynowych /</subfield><subfield code="c">przez Ludwika Rembielińskiego.</subfield></datafield><datafield ind1=" " ind2=" " tag="260"><subfield code="a">Warszawa :</subfield><subfield code="b">nakł. aut.,</subfield><subfield code="c">1826</subfield><subfield code="e">(Warszawa :</subfield><subfield code="f">Zawadzki i Węcki).</subfield></datafield><datafield ind1=" " ind2=" " tag="300"><subfield code="a">V, [1], 195, [2], VIII-XIV, [2] s., III k. tabl. ;</subfield><subfield code="c">20 cm.</subfield></datafield><datafield ind1="4" ind2=" " tag="510"><subfield code="a">Estr XIX</subfield><subfield code="c">t. 4 s. 41.</subfield></datafield><datafield ind1=" " ind2="4" tag="650"><subfield code="a">Krzywe</subfield></datafield><datafield ind1=" " ind2="4" tag="650"><subfield code="a">Równania algebraiczne</subfield></datafield><datafield ind1=" " ind2=" " tag="902"><subfield code="a">121211</subfield><subfield code="c">981005</subfield><subfield code="d">m</subfield><subfield code="e">a</subfield><subfield code="f">-</subfield><subfield code="g">0</subfield></datafield><datafield ind1=" " ind2=" " tag="907"><subfield code="b">bk   </subfield><subfield code="c">-</subfield></datafield><datafield ind1=" " ind2=" " tag="960"><subfield code="a">II 262.095</subfield><subfield code="c">bk   </subfield><subfield code="d">30001004825305</subfield><subfield code="h">Za 1284</subfield><subfield code="i">Z 0,00</subfield><subfield code="l">-</subfield><subfield code="o">1</subfield></datafield><datafield ind1=" " ind2=" " tag="960"><subfield code="a">II 108.406</subfield><subfield code="c">bk   </subfield><subfield code="d">30001003620087</subfield><subfield code="h">st. z.</subfield><subfield code="i">Z 0,00</subfield><subfield code="l">-</subfield><subfield code="o">1</subfield></datafield><datafield ind1=" " ind2=" " tag="960"><subfield code="a">I 2.071.051 A</subfield><subfield code="c">bk   </subfield><subfield code="h">Kras. 7840</subfield><subfield code="i">Z 500,00</subfield><subfield code="l">-</subfield><subfield code="o">0</subfield></datafield><datafield ind1=" " ind2=" " tag="996"><subfield code="a">.b11515934</subfield></datafield><datafield ind1=" " ind2=" " tag="998"><subfield code="a">ik</subfield><subfield code="a">o</subfield></datafield><datafield ind1=" " ind2=" " tag="999"><subfield code="a">jk</subfield><subfield code="b">as</subfield><subfield code="b">ae</subfield></datafield></record>