</MetadataObject><PersonObject OrderIndex="39" PartyRelation="CREATOR"><PartyName>Ludwik. Rembieliński</PartyName><Identifiers><Identifier>1000015883013</Identifier><Scope>TEL</Scope></Identifiers><FirstNames>Ludwik.</FirstNames><Surname>Rembieliński</Surname></PersonObject><LinkObject FieldSource="TEL" LinkTarget="CATALOGUE_RECORD" OrderIndex="50"><Url>http://alpha.bn.org.pl/record=b1151593*pol</Url><LinkStatus>NOT_CHECKED</LinkStatus></LinkObject></MetadataRecord>
<MetadataRecord xmlns="http://theeuropeanlibrary.org/internal_object_model" ID="2000048755201"><BibliographicLevelObject OrderIndex="34">MONOGRAPH</BibliographicLevelObject><CatalogingFormObject OrderIndex="33">ISBD</CatalogingFormObject><TitleObject OrderIndex="37" TitleType="MAIN"><Title>Polens Untergang</Title></TitleObject><IdentifierObject IdentifierType="LOCAL_IDENTIFIER" OrderIndex="25"><Identifier>b1151582x</Identifier></IdentifierObject><IdentifierObject IdentifierType="OAIPMH" OrderIndex="27"><Identifier>urn:theeuropeanlibrary.org:a0232:b1151582x</Identifier></IdentifierObject><IdentifierObject IdentifierType="LOCAL_IDENTIFIER" OrderIndex="36"><Identifier>b1151582x</Identifier><Scope>a0232</Scope></IdentifierObject><IdentifierObject ContextLevel="RECORD" FieldSource="TEL" OrderIndex="49" PartyIdentifierType="TEL"><Identifier>1000020943406</Identifier><Scope>TEL</Scope></IdentifierObject><IdentifierObject ContextLevel="RECORD" FieldSource="TEL" OrderIndex="50" SpatialIdentifierType="TEL"><Identifier>1000005837350</Identifier><Scope>TEL</Scope></IdentifierObject><IllustrationsObject OrderIndex="32">NO_ILLUSTRATIONS</IllustrationsObject><SpatialEntityObject OrderIndex="43" SpatialRelation="PUBLICATION"><Identifiers><Identifier>DE</Identifier><Scope>ISO3166</Scope></Identifiers></SpatialEntityObject><NamedPlaceObject OrderIndex="41" SpatialRelation="PUBLICATION"><Identifiers><Identifier>1000005837350</Identifier><Scope>TEL</Scope></Identifiers><PlaceName>Leipzig</PlaceName></NamedPlaceObject><NamedPlaceObject OrderIndex="44" SpatialRelation="SUBJECT"><PlaceName>Polska</PlaceName><Subject><ChronologicalSubdivision><Instant><Time>-61599312000000</Time><Granularity>YEAR</Granularity><Uncertain>false</Uncertain></Instant></ChronologicalSubdivision></Subject></NamedPlaceObject><PrintTypeObject OrderIndex="31">PRINTED</PrintTypeObject><ProvenanceObject OrderIndex="28"><CollectionId>a0232</CollectionId><ProviderId>P01214</ProviderId></ProvenanceObject><StatusObject OrderIndex="24">UPDATED</StatusObject><TextObject OrderIndex="45" TextRelation="EXTENT"><Content>S. VI, [1], 8-147 ;</Content></TextObject><TextObject OrderIndex="46" TextRelation="EXTENT"><Content>17 cm.</Content></TextObject><TextObject NoteType="EXTERNAL_INDEXES" OrderIndex="47" TextRelation="NOTE"><Content>Estr XIX. t. 4 s. 27.</Content></TextObject><OrganizationObject OrderIndex="42" PartyRelation="PUBLISHER"><PartyName>F. A. Brockhaus</PartyName></OrganizationObject><LanguageObject LanguageRelation="LANGUAGE_OF_CONTENT" OrderIndex="40">GER</LanguageObject><ResourceTypeObject OrderIndex="30">TEXT</ResourceTypeObject><AudienceObject OrderIndex="35">UNKNOW</AudienceObject><InstantObject OrderIndex="26" TemporalRelation="OP_LOADED"><Time>1358943203000</Time><Granularity>SECOND</Granularity><Uncertain>false</Uncertain></InstantObject><InstantObject OrderIndex="39" TemporalRelation="PUBLICATION"><Time>-4354905600000</Time><Granularity>YEAR</Granularity><Uncertain>false</Uncertain></InstantObject><MetadataObject FieldSource="PROVIDER" Format="marc21" OrderIndex="29"><record xmlns="info:lc/xmlns/marcxchange-v1"><leader>00789nam a2200229 i 4500</leader><controlfield tag="001">b1151582x</controlfield><controlfield tag="008">981002s1832    gw           |000 0 ger  </controlfield><datafield ind1=" " ind2=" " tag="040"><subfield code="a">WA N</subfield><subfield code="c">WA N</subfield></datafield><datafield ind1="1" ind2=" " tag="100"><subfield code="a">Raumer, Friedrich Ludwig Georg von</subfield><subfield code="d">(1781-1873).</subfield></datafield><datafield ind1="1" ind2="0" tag="245"><subfield code="a">Polens Untergang /</subfield><subfield code="c">Friedrich von Raumer.</subfield></datafield><datafield ind1=" " ind2=" " tag="260"><subfield code="a">Leipzig :</subfield><subfield code="b">F. A. Brockhaus,</subfield><subfield code="c">1832</subfield><subfield code="e">([s. l. :</subfield><subfield code="f">s. n.]).</subfield></datafield><datafield ind1=" " ind2=" " tag="300"><subfield code="a">S. VI, [1], 8-147 ;</subfield><subfield code="c">17 cm.</subfield></datafield><datafield ind1="4" ind2=" " tag="510"><subfield code="a">Estr XIX</subfield><subfield code="c">t. 4 s. 27.</subfield></datafield><datafield ind1=" " ind2="4" tag="651"><subfield code="a">Polska</subfield><subfield code="y">18 w.</subfield></datafield><datafield ind1=" " ind2=" " tag="902"><subfield code="a">121211</subfield><subfield code="c">981005</subfield><subfield code="d">m</subfield><subfield code="e">a</subfield><subfield code="f">-</subfield><subfield code="g">0</subfield></datafield><datafield ind1=" " ind2=" " tag="907"><subfield code="b">bk   </subfield><subfield code="c">-</subfield></datafield><datafield ind1=" " ind2=" " tag="960"><subfield code="a">I 83.867</subfield><subfield code="c">bk   </subfield><subfield code="d">30001003402692</subfield><subfield code="h">st. z.</subfield><subfield code="i">Z 0,00</subfield><subfield code="l">-</subfield><subfield code="o">1</subfield></datafield><datafield ind1=" " ind2=" " tag="960"><subfield code="a">I 481.612</subfield><subfield code="c">bk   </subfield><subfield code="d">30001005288107</subfield><subfield code="h">Hor. 24500</subfield><subfield code="i">Z 0,00</subfield><subfield code="l">-</subfield><subfield code="o">1</subfield></datafield><datafield ind1=" " ind2=" " tag="960"><subfield code="a">I 2.071.039 A</subfield><subfield code="c">bk   </subfield><subfield code="h">Kras. 19542</subfield><subfield code="i">Z 500,00</subfield><subfield code="l">-</subfield><subfield code="o">0</subfield></datafield><datafield ind1=" " ind2=" " tag="996"><subfield code="a">.b1151582x</subfield></datafield><datafield ind1=" " ind2=" " tag="998"><subfield code="a">ik</subfield><subfield code="a">o</subfield></datafield><datafield ind1=" " ind2=" " tag="999"><subfield code="a">jk</subfield><subfield code="b">as</subfield><subfield code="b">ae</subfield></datafield></record>