</MetadataObject><PersonObject OrderIndex="38" PartyRelation="CREATOR"><PartyName>Friedrich Ludwig Georg von Raumer</PartyName><Identifiers><Identifier>1000020943406</Identifier><Scope>TEL</Scope></Identifiers><LifePeriod><Start><Time>-5964192000000</Time><Granularity>YEAR</Granularity><Uncertain>false</Uncertain></Start><End><Time>-3060979200000</Time><Granularity>YEAR</Granularity><Uncertain>false</Uncertain></End></LifePeriod><FirstNames>Friedrich Ludwig Georg von</FirstNames><Surname>Raumer</Surname></PersonObject><LinkObject FieldSource="TEL" LinkTarget="CATALOGUE_RECORD" OrderIndex="48"><Url>http://alpha.bn.org.pl/record=b1151582*pol</Url><LinkStatus>NOT_CHECKED</LinkStatus></LinkObject></MetadataRecord>
<MetadataRecord xmlns="http://theeuropeanlibrary.org/internal_object_model" ID="2000048755220"><BibliographicLevelObject OrderIndex="38">MONOGRAPH</BibliographicLevelObject><CatalogingFormObject OrderIndex="37">ISBD</CatalogingFormObject><TitleObject OrderIndex="42" TitleType="MAIN"><Title>Niektóre celniejsze ody Pindara</Title><SubTitle>z potrzebnemi do ich zrozumienia objaśnieniami, textem greckim i tłumaczeniem prozaicznem</SubTitle></TitleObject><IdentifierObject IdentifierType="LOCAL_IDENTIFIER" OrderIndex="29"><Identifier>b1151601x</Identifier></IdentifierObject><IdentifierObject IdentifierType="OAIPMH" OrderIndex="31"><Identifier>urn:theeuropeanlibrary.org:a0232:b1151601x</Identifier></IdentifierObject><IdentifierObject IdentifierType="LOCAL_IDENTIFIER" OrderIndex="40"><Identifier>b1151601x</Identifier><Scope>a0232</Scope></IdentifierObject><IdentifierObject ContextLevel="RECORD" FieldSource="TEL" OrderIndex="57" PartyIdentifierType="TEL"><Identifier>1000021237186</Identifier><Scope>TEL</Scope></IdentifierObject><IdentifierObject ContextLevel="RECORD" FieldSource="TEL" OrderIndex="58" SpatialIdentifierType="TEL"><Identifier>1000001258865</Identifier><Scope>TEL</Scope></IdentifierObject><IllustrationsObject OrderIndex="36">NO_ILLUSTRATIONS</IllustrationsObject><SpatialEntityObject OrderIndex="50" SpatialRelation="PUBLICATION"><Identifiers><Identifier>LT</Identifier><Scope>ISO3166</Scope></Identifiers></SpatialEntityObject><NamedPlaceObject OrderIndex="48" SpatialRelation="PUBLICATION"><Identifiers><Identifier>1000001258865</Identifier><Scope>TEL</Scope></Identifiers><PlaceName>Wilno</PlaceName></NamedPlaceObject><PrintTypeObject OrderIndex="35">PRINTED</PrintTypeObject><ProvenanceObject OrderIndex="32"><CollectionId>a0232</CollectionId><ProviderId>P01214</ProviderId></ProvenanceObject><StatusObject OrderIndex="28">UPDATED</StatusObject><TextObject OrderIndex="41" TextRelation="STATEMENT_OF_RESPONSIBILITY"><Content>przekł. Jana Wiernikowskiego.</Content></TextObject><TextObject OrderIndex="54" TextRelation="EXTENT"><Content>175, [1] s. ;</Content></TextObject><TextObject OrderIndex="55" TextRelation="EXTENT"><Content>13 cm.</Content></TextObject><OrganizationObject OrderIndex="49" PartyRelation="PUBLISHER"><PartyName>J. Zawadzki</PartyName></OrganizationObject><LanguageObject LanguageRelation="LANGUAGE_OF_CONTENT" OrderIndex="46">POL</LanguageObject><LanguageObject LanguageRelation="LANGUAGE_OF_CONTENT" OrderIndex="47">GRE</LanguageObject><ResourceTypeObject OrderIndex="34">TEXT</ResourceTypeObject><TopicObject OrderIndex="52"><GeneralSubdivision>historia</GeneralSubdivision><ChronologicalSubdivision><Instant><Time>-61967635200000</Time><Granularity>MONTH</Granularity><Uncertain>false</Uncertain></Instant></ChronologicalSubdivision><TopicName>Poezja grecka</TopicName></TopicObject><TopicObject OrderIndex="53"><ChronologicalSubdivision><Instant><Time>-61967635200000</Time><Granularity>MONTH</Granularity><Uncertain>false</Uncertain></Instant></ChronologicalSubdivision><TopicName>Poezja grecka</TopicName></TopicObject><AudienceObject OrderIndex="39">UNKNOW</AudienceObject><InstantObject OrderIndex="30" TemporalRelation="OP_LOADED"><Time>1358942912000</Time><Granularity>SECOND</Granularity><Uncertain>false</Uncertain></InstantObject><InstantObject OrderIndex="45" TemporalRelation="PUBLICATION"><Time>-4607366400000</Time><Granularity>YEAR</Granularity><Uncertain>false</Uncertain></InstantObject><MetadataObject FieldSource="PROVIDER" Format="marc21" OrderIndex="33"><record xmlns="info:lc/xmlns/marcxchange-v1"><leader>01056nam a2200265 i 4500</leader><controlfield tag="001">b1151601x</controlfield><controlfield tag="008">981002s1824    li           |000 p pol  </controlfield><datafield ind1=" " ind2=" " tag="040"><subfield code="a">WA N</subfield><subfield code="c">WA N</subfield></datafield><datafield ind1="1" ind2=" " tag="041"><subfield code="a">polgre</subfield><subfield code="h">gre</subfield></datafield><datafield ind1="0" ind2=" " tag="100"><subfield code="a">Pindarus</subfield><subfield code="d">(ca 518-ca 438 a.C.).</subfield></datafield><datafield ind1="1" ind2="0" tag="245"><subfield code="a">Niektóre celniejsze ody Pindara :</subfield><subfield code="b">z potrzebnemi do ich zrozumienia objaśnieniami, textem greckim i tłumaczeniem prozaicznem /</subfield><subfield code="c">przekł. Jana Wiernikowskiego.</subfield></datafield><datafield ind1=" " ind2=" " tag="260"><subfield code="a">Wilno :</subfield><subfield code="b">J. Zawadzki,</subfield><subfield code="c">1824</subfield><subfield code="e">([s. l. :</subfield><subfield code="f">s. n.]).</subfield></datafield><datafield ind1=" " ind2=" " tag="300"><subfield code="a">175, [1] s. ;</subfield><subfield code="c">13 cm.</subfield></datafield><datafield ind1="0" ind2="4" tag="600"><subfield code="a">Pindarus</subfield><subfield code="d">(ca 518-ca 438 a.C.)</subfield></datafield><datafield ind1=" " ind2="4" tag="655"><subfield code="a">Poezja grecka</subfield><subfield code="x">historia</subfield><subfield code="y">6-5 w. p.n.e.</subfield></datafield><datafield ind1=" " ind2="4" tag="655"><subfield code="a">Poezja grecka</subfield><subfield code="y">6-5 w. p.n.e.</subfield></datafield><datafield ind1="1" ind2=" " tag="700"><subfield code="a">Wiernikowski, Jan Nepomucen</subfield><subfield code="d">(1800-1877).</subfield><subfield code="e">Tł.</subfield></datafield><datafield ind1=" " ind2=" " tag="902"><subfield code="a">121211</subfield><subfield code="c">981005</subfield><subfield code="d">m</subfield><subfield code="e">a</subfield><subfield code="f">-</subfield><subfield code="g">0</subfield></datafield><datafield ind1=" " ind2=" " tag="907"><subfield code="b">bk   </subfield><subfield code="c">-</subfield></datafield><datafield ind1=" " ind2=" " tag="960"><subfield code="a">I 51.132</subfield><subfield code="c">bk   </subfield><subfield code="d">30001003605187</subfield><subfield code="h">Kryń. 3329</subfield><subfield code="i">Z 0,00</subfield><subfield code="l">-</subfield><subfield code="o">1</subfield></datafield><datafield ind1=" " ind2=" " tag="960"><subfield code="a">I 480.359</subfield><subfield code="c">bk   </subfield><subfield code="d">30001005009156</subfield><subfield code="h">Hor. 24992</subfield><subfield code="i">Z 0,00</subfield><subfield code="l">-</subfield><subfield code="o">1</subfield></datafield><datafield ind1=" " ind2=" " tag="960"><subfield code="a">I 2.071.060 A</subfield><subfield code="c">bk   </subfield><subfield code="h">Kras. 26005</subfield><subfield code="i">Z 500,00</subfield><subfield code="l">-</subfield><subfield code="o">0</subfield></datafield><datafield ind1=" " ind2=" " tag="996"><subfield code="a">.b1151601x</subfield></datafield><datafield ind1=" " ind2=" " tag="998"><subfield code="a">ik</subfield><subfield code="a">o</subfield></datafield><datafield ind1=" " ind2=" " tag="999"><subfield code="a">as</subfield><subfield code="b">zb</subfield><subfield code="b">ae</subfield></datafield></record>