</MetadataObject><PersonObject OrderIndex="43" PartyRelation="CREATOR"><PartyName>Pindarus</PartyName><LifePeriod><Start><Time>101297779200000</Time><Granularity>DECADE</Granularity><Uncertain>true</Uncertain></Start></LifePeriod><Surname>Pindarus</Surname></PersonObject><PersonObject OrderIndex="44" PartyRelation="CONTRIBUTOR"><PartyName>Jan Nepomucen Wiernikowski</PartyName><Identifiers><Identifier>1000021237186</Identifier><Scope>TEL</Scope></Identifiers><LifePeriod><Start><Time>-5364662400000</Time><Granularity>YEAR</Granularity><Uncertain>false</Uncertain></Start><End><Time>-2934748800000</Time><Granularity>YEAR</Granularity><Uncertain>false</Uncertain></End></LifePeriod><FirstNames>Jan Nepomucen</FirstNames><Surname>Wiernikowski</Surname></PersonObject><PersonObject OrderIndex="51" PartyRelation="SUBJECT"><PartyName>Pindarus</PartyName><LifePeriod><Start><Time>101297779200000</Time><Granularity>DECADE</Granularity><Uncertain>true</Uncertain></Start></LifePeriod><Surname>Pindarus</Surname></PersonObject><LinkObject FieldSource="TEL" LinkTarget="CATALOGUE_RECORD" OrderIndex="56"><Url>http://alpha.bn.org.pl/record=b1151601*pol</Url><LinkStatus>NOT_CHECKED</LinkStatus></LinkObject></MetadataRecord>
<MetadataRecord xmlns="http://theeuropeanlibrary.org/internal_object_model" ID="2000048755306"><BibliographicLevelObject OrderIndex="36">MONOGRAPH</BibliographicLevelObject><CatalogingFormObject OrderIndex="35">ISBD</CatalogingFormObject><TitleObject OrderIndex="40" TitleType="MAIN"><Title>Rok 1917 w Rosji</Title><SubTitle>ostatnie chwile panowania Mikołaja II : z opowiadań naocznego świadka</SubTitle></TitleObject><IdentifierObject IdentifierType="LOCAL_IDENTIFIER" OrderIndex="27"><Identifier>b11516872</Identifier></IdentifierObject><IdentifierObject IdentifierType="OAIPMH" OrderIndex="29"><Identifier>urn:theeuropeanlibrary.org:a0232:b11516872</Identifier></IdentifierObject><IdentifierObject IdentifierType="LOCAL_IDENTIFIER" OrderIndex="38"><Identifier>b11516872</Identifier><Scope>a0232</Scope></IdentifierObject><IdentifierObject ContextLevel="RECORD" FieldSource="TEL" OrderIndex="53" SpatialIdentifierType="TEL"><Identifier>1000001587202</Identifier><Scope>TEL</Scope></IdentifierObject><IllustrationsObject OrderIndex="34">NO_ILLUSTRATIONS</IllustrationsObject><SpatialEntityObject OrderIndex="46" SpatialRelation="PUBLICATION"><Identifiers><Identifier>PL</Identifier><Scope>ISO3166</Scope></Identifiers></SpatialEntityObject><NamedPlaceObject OrderIndex="44" SpatialRelation="PUBLICATION"><Identifiers><Identifier>1000001587202</Identifier><Scope>TEL</Scope></Identifiers><PlaceName>Warszawa</PlaceName></NamedPlaceObject><PrintTypeObject OrderIndex="33">PRINTED</PrintTypeObject><ProvenanceObject OrderIndex="30"><CollectionId>a0232</CollectionId><ProviderId>P01214</ProviderId></ProvenanceObject><StatusObject OrderIndex="26">UPDATED</StatusObject><TextObject OrderIndex="39" TextRelation="STATEMENT_OF_RESPONSIBILITY"><Content>Stanisław Kowalski.</Content></TextObject><TextObject OrderIndex="48" TextRelation="EXTENT"><Content>24 s. ;</Content></TextObject><TextObject OrderIndex="49" TextRelation="EXTENT"><Content>16 cm.</Content></TextObject><TextObject NoteType="GENERAL" OrderIndex="50" TextRelation="NOTE"><Content>Rewolucja w Rosji.</Content></TextObject><TextObject NoteType="EXTERNAL_INDEXES" OrderIndex="51" TextRelation="NOTE"><Content>BP 1901-1939.</Content></TextObject><OrganizationObject OrderIndex="45" PartyRelation="PUBLISHER"><PartyName>J. Konrad</PartyName></OrganizationObject><LanguageObject LanguageRelation="LANGUAGE_OF_CONTENT" OrderIndex="43">POL</LanguageObject><ResourceTypeObject OrderIndex="32">TEXT</ResourceTypeObject><TopicObject OrderIndex="47"><TopicName>Rewolucja 1917 r. październikowa i wojna domowa</TopicName></TopicObject><AudienceObject OrderIndex="37">UNKNOW</AudienceObject><InstantObject OrderIndex="28" TemporalRelation="OP_LOADED"><Time>1358943203000</Time><Granularity>SECOND</Granularity><Uncertain>false</Uncertain></InstantObject><InstantObject OrderIndex="42" TemporalRelation="PUBLICATION"><Time>-1640995200000</Time><Granularity>YEAR</Granularity><Uncertain>false</Uncertain></InstantObject><MetadataObject FieldSource="PROVIDER" Format="marc21" OrderIndex="31"><record xmlns="info:lc/xmlns/marcxchange-v1"><leader>00785nam a2200229 i 4500</leader><controlfield tag="001">b11516872</controlfield><controlfield tag="008">981002s1918    pl           |000 0 pol  </controlfield><datafield ind1=" " ind2=" " tag="040"><subfield code="a">WA N</subfield><subfield code="c">WA N</subfield></datafield><datafield ind1="1" ind2=" " tag="100"><subfield code="a">Kowalski, Stanisław</subfield><subfield code="d">(1876-post 1935). </subfield></datafield><datafield ind1="1" ind2="0" tag="245"><subfield code="a">Rok 1917 w Rosji :</subfield><subfield code="b">ostatnie chwile panowania Mikołaja II : z opowiadań naocznego świadka /</subfield><subfield code="c">Stanisław Kowalski.</subfield></datafield><datafield ind1=" " ind2=" " tag="260"><subfield code="a">Warszawa :</subfield><subfield code="b">J. Konrad,</subfield><subfield code="c">1918</subfield><subfield code="e">(Warszawa :</subfield><subfield code="f">J. Górnicki).</subfield></datafield><datafield ind1=" " ind2=" " tag="300"><subfield code="a">24 s. ;</subfield><subfield code="c">16 cm.</subfield></datafield><datafield ind1=" " ind2=" " tag="500"><subfield code="a">Rewolucja w Rosji.</subfield></datafield><datafield ind1="4" ind2=" " tag="510"><subfield code="a">BP 1901-1939.</subfield></datafield><datafield ind1=" " ind2="4" tag="650"><subfield code="a">Rewolucja 1917 r. październikowa i wojna domowa</subfield></datafield><datafield ind1=" " ind2=" " tag="902"><subfield code="a">121211</subfield><subfield code="c">981005</subfield><subfield code="d">m</subfield><subfield code="e">a</subfield><subfield code="f">-</subfield><subfield code="g">0</subfield></datafield><datafield ind1=" " ind2=" " tag="907"><subfield code="b">bk   </subfield><subfield code="c">-</subfield></datafield><datafield ind1=" " ind2=" " tag="960"><subfield code="a">I 2.074.509 A</subfield><subfield code="c">bk   </subfield><subfield code="h">Kras. 75970</subfield><subfield code="i">Z 150,00</subfield><subfield code="l">-</subfield><subfield code="o">0</subfield></datafield><datafield ind1=" " ind2=" " tag="996"><subfield code="a">.b11516872</subfield></datafield><datafield ind1=" " ind2=" " tag="998"><subfield code="a">ik</subfield><subfield code="a">o</subfield></datafield><datafield ind1=" " ind2=" " tag="999"><subfield code="a">mt</subfield><subfield code="b">as</subfield><subfield code="b">ae</subfield></datafield><datafield ind1=" " ind2=" " tag="999"><subfield code="a">mabl</subfield></datafield></record>