</MetadataObject><PersonObject OrderIndex="41" PartyRelation="CREATOR"><PartyName>Stanisław Kowalski</PartyName><LifePeriod><Start><Time>-2966371200000</Time><Granularity>YEAR</Granularity><Uncertain>false</Uncertain></Start></LifePeriod><FirstNames>Stanisław</FirstNames><Surname>Kowalski</Surname></PersonObject><LinkObject FieldSource="TEL" LinkTarget="CATALOGUE_RECORD" OrderIndex="52"><Url>http://alpha.bn.org.pl/record=b1151687*pol</Url><LinkStatus>NOT_CHECKED</LinkStatus></LinkObject></MetadataRecord>
<MetadataRecord xmlns="http://theeuropeanlibrary.org/internal_object_model" ID="2000048755297"><BibliographicLevelObject OrderIndex="37">MONOGRAPH</BibliographicLevelObject><CatalogingFormObject OrderIndex="36">ISBD</CatalogingFormObject><TitleObject OrderIndex="41" TitleType="MAIN"><Title>Mateo Falcone ; La vision de Charles XI</Title><SubTitle>avec explications et vocabulaire français-polonais</SubTitle></TitleObject><IdentifierObject IdentifierType="LOCAL_IDENTIFIER" OrderIndex="28"><Identifier>b11516781</Identifier></IdentifierObject><IdentifierObject IdentifierType="OAIPMH" OrderIndex="30"><Identifier>urn:theeuropeanlibrary.org:a0232:b11516781</Identifier></IdentifierObject><IdentifierObject IdentifierType="LOCAL_IDENTIFIER" OrderIndex="39"><Identifier>b11516781</Identifier><Scope>a0232</Scope></IdentifierObject><IdentifierObject ContextLevel="RECORD" FieldSource="TEL" OrderIndex="55" PartyIdentifierType="TEL"><Identifier>1000022243610</Identifier><Scope>TEL</Scope></IdentifierObject><IdentifierObject ContextLevel="RECORD" FieldSource="TEL" OrderIndex="56" SpatialIdentifierType="TEL"><Identifier>1000006270938</Identifier><Scope>TEL</Scope></IdentifierObject><IdentifierObject ContextLevel="RECORD" FieldSource="TEL" OrderIndex="57" SpatialIdentifierType="TEL"><Identifier>1000001587202</Identifier><Scope>TEL</Scope></IdentifierObject><IllustrationsObject OrderIndex="35">NO_ILLUSTRATIONS</IllustrationsObject><SpatialEntityObject OrderIndex="50" SpatialRelation="PUBLICATION"><Identifiers><Identifier>PL</Identifier><Scope>ISO3166</Scope></Identifiers></SpatialEntityObject><NamedPlaceObject OrderIndex="46" SpatialRelation="PUBLICATION"><Identifiers><Identifier>1000001587202</Identifier><Scope>TEL</Scope></Identifiers><PlaceName>Varsovie</PlaceName></NamedPlaceObject><NamedPlaceObject OrderIndex="47" SpatialRelation="PUBLICATION"><Identifiers><Identifier>1000006270938</Identifier><Scope>TEL</Scope></Identifiers><PlaceName>Cracovie</PlaceName></NamedPlaceObject><PrintTypeObject OrderIndex="34">PRINTED</PrintTypeObject><ProvenanceObject OrderIndex="31"><CollectionId>a0232</CollectionId><ProviderId>P01214</ProviderId></ProvenanceObject><StatusObject OrderIndex="27">UPDATED</StatusObject><TextObject OrderIndex="40" TextRelation="STATEMENT_OF_RESPONSIBILITY"><Content>Prosper Mérimée.</Content></TextObject><TextObject OrderIndex="52" TextRelation="EXTENT"><Content>34, [1] s. ;</Content></TextObject><TextObject OrderIndex="53" TextRelation="EXTENT"><Content>19 cm.</Content></TextObject><OrganizationObject OrderIndex="48" PartyRelation="PUBLISHER"><PartyName>Gebethner et Wolff ;</PartyName></OrganizationObject><OrganizationObject OrderIndex="49" PartyRelation="PUBLISHER"><PartyName>G. Gebethner</PartyName></OrganizationObject><LanguageObject LanguageRelation="LANGUAGE_OF_CONTENT" OrderIndex="44">FRE</LanguageObject><LanguageObject LanguageRelation="LANGUAGE_OF_CONTENT" OrderIndex="45">POL</LanguageObject><ResourceTypeObject OrderIndex="33">TEXT</ResourceTypeObject><TopicObject OrderIndex="51"><ChronologicalSubdivision><Instant><Time>-61567776000000</Time><Granularity>YEAR</Granularity><Uncertain>false</Uncertain></Instant></ChronologicalSubdivision><TopicName>Opowiadanie francuskie</TopicName></TopicObject><AudienceObject OrderIndex="38">UNKNOW</AudienceObject><InstantObject OrderIndex="29" TemporalRelation="OP_LOADED"><Time>1358943205000</Time><Granularity>SECOND</Granularity><Uncertain>false</Uncertain></InstantObject><InstantObject OrderIndex="43" TemporalRelation="PUBLICATION"><Time>-1988150400000</Time><Granularity>YEAR</Granularity><Uncertain>false</Uncertain></InstantObject><MetadataObject FieldSource="PROVIDER" Format="marc21" OrderIndex="32"><record xmlns="info:lc/xmlns/marcxchange-v1"><leader>01099nam a2200277 i 4500</leader><controlfield tag="001">b11516781</controlfield><controlfield tag="008">981002s1907    pl           |000 j fre  </controlfield><datafield ind1=" " ind2=" " tag="040"><subfield code="a">WA N</subfield><subfield code="c">WA N</subfield></datafield><datafield ind1="0" ind2=" " tag="041"><subfield code="a">frepol</subfield></datafield><datafield ind1="1" ind2=" " tag="100"><subfield code="a">Mérimée, Prosper</subfield><subfield code="d">(1803-1870).</subfield></datafield><datafield ind1="1" ind2="0" tag="245"><subfield code="a">Mateo Falcone ; La vision de Charles XI :</subfield><subfield code="b">avec explications et vocabulaire français-polonais /</subfield><subfield code="c">Prosper Mérimée.</subfield></datafield><datafield ind1=" " ind2=" " tag="260"><subfield code="a">Varsovie :</subfield><subfield code="b">Gebethner et Wolff ;</subfield><subfield code="a">Cracovie :</subfield><subfield code="b">G. Gebethner,</subfield><subfield code="c">1907</subfield><subfield code="e">(Varsovie :</subfield><subfield code="f">J. Cotty).</subfield></datafield><datafield ind1=" " ind2=" " tag="300"><subfield code="a">34, [1] s. ;</subfield><subfield code="c">19 cm.</subfield></datafield><datafield ind1="1" ind2=" " tag="490"><subfield code="a">Bibliothèque des Écoles</subfield><subfield code="v">nr 6</subfield></datafield><datafield ind1=" " ind2="4" tag="655"><subfield code="a">Opowiadanie francuskie</subfield><subfield code="y">19 w.</subfield></datafield><datafield ind1="1" ind2="2" tag="700"><subfield code="a">Mérimée, Prosper</subfield><subfield code="d">(1803-1870).</subfield><subfield code="t">Vision de Charles XI</subfield></datafield><datafield ind1=" " ind2="0" tag="830"><subfield code="a">Bibliothèque des Écoles</subfield><subfield code="v">nr 6</subfield></datafield><datafield ind1=" " ind2=" " tag="902"><subfield code="a">121211</subfield><subfield code="c">981005</subfield><subfield code="d">m</subfield><subfield code="e">a</subfield><subfield code="f">-</subfield><subfield code="g">0</subfield></datafield><datafield ind1=" " ind2=" " tag="907"><subfield code="b">bk   </subfield><subfield code="c">-</subfield></datafield><datafield ind1=" " ind2=" " tag="960"><subfield code="a">I 431.799</subfield><subfield code="c">bk   </subfield><subfield code="h">st. z.</subfield><subfield code="i">Z 0,00</subfield><subfield code="l">-</subfield><subfield code="o">1</subfield><subfield code="y">Współopr. z: I 431.790-I 431.800</subfield></datafield><datafield ind1=" " ind2=" " tag="960"><subfield code="a">I 444.323</subfield><subfield code="c">bk   </subfield><subfield code="d">30001005279312</subfield><subfield code="h">st. z.</subfield><subfield code="i">Z 0,00</subfield><subfield code="l">-</subfield><subfield code="o">1</subfield></datafield><datafield ind1=" " ind2=" " tag="960"><subfield code="a">I 2.074.516 A</subfield><subfield code="c">bk   </subfield><subfield code="d">30001012448690</subfield><subfield code="h">Kras. 89436</subfield><subfield code="i">Z 150,00</subfield><subfield code="l">-</subfield><subfield code="o">0</subfield></datafield><datafield ind1=" " ind2=" " tag="996"><subfield code="a">.b11516781</subfield></datafield><datafield ind1=" " ind2=" " tag="998"><subfield code="a">ik</subfield><subfield code="a">o</subfield></datafield><datafield ind1=" " ind2=" " tag="999"><subfield code="a">mt</subfield><subfield code="b">as</subfield><subfield code="b">ae</subfield></datafield><datafield ind1=" " ind2=" " tag="999"><subfield code="a">resi</subfield></datafield></record>