</MetadataObject><PersonObject OrderIndex="42" PartyRelation="CREATOR"><PartyName>Prosper Mérimée</PartyName><Identifiers><Identifier>1000022243610</Identifier><Scope>TEL</Scope></Identifiers><LifePeriod><Start><Time>-5270054400000</Time><Granularity>YEAR</Granularity><Uncertain>false</Uncertain></Start><End><Time>-3155673600000</Time><Granularity>YEAR</Granularity><Uncertain>false</Uncertain></End></LifePeriod><FirstNames>Prosper</FirstNames><Surname>Mérimée</Surname></PersonObject><LinkObject FieldSource="TEL" LinkTarget="CATALOGUE_RECORD" OrderIndex="54"><Url>http://alpha.bn.org.pl/record=b1151678*pol</Url><LinkStatus>NOT_CHECKED</LinkStatus></LinkObject></MetadataRecord>
<MetadataRecord xmlns="http://theeuropeanlibrary.org/internal_object_model" ID="2000048755317"><BibliographicLevelObject OrderIndex="38">MONOGRAPH</BibliographicLevelObject><CatalogingFormObject OrderIndex="37">ISBD</CatalogingFormObject><TitleObject OrderIndex="42" TitleType="MAIN"><Title>Teorja piłki nożnej (football)</Title><SubTitle>praktyczny i teoretyczny przewodnik gry wraz z prawidłami Polskiego Związku Piłki Nożnej</SubTitle></TitleObject><IdentifierObject IdentifierType="LOCAL_IDENTIFIER" OrderIndex="29"><Identifier>b11516987</Identifier></IdentifierObject><IdentifierObject IdentifierType="OAIPMH" OrderIndex="31"><Identifier>urn:theeuropeanlibrary.org:a0232:b11516987</Identifier></IdentifierObject><IdentifierObject IdentifierType="LOCAL_IDENTIFIER" OrderIndex="40"><Identifier>b11516987</Identifier><Scope>a0232</Scope></IdentifierObject><IdentifierObject ContextLevel="RECORD" FieldSource="TEL" OrderIndex="57" PartyIdentifierType="TEL"><Identifier>2000078085402</Identifier><Scope>TEL</Scope></IdentifierObject><IdentifierObject ContextLevel="RECORD" FieldSource="TEL" OrderIndex="58" SpatialIdentifierType="TEL"><Identifier>1000001480248</Identifier><Scope>TEL</Scope></IdentifierObject><IllustrationsObject OrderIndex="36">NO_ILLUSTRATIONS</IllustrationsObject><SpatialEntityObject OrderIndex="49" SpatialRelation="PUBLICATION"><Identifiers><Identifier>UA</Identifier><Scope>ISO3166</Scope></Identifiers></SpatialEntityObject><NamedPlaceObject OrderIndex="47" SpatialRelation="PUBLICATION"><Identifiers><Identifier>1000001480248</Identifier><Scope>TEL</Scope></Identifiers><PlaceName>Lwów</PlaceName></NamedPlaceObject><PrintTypeObject OrderIndex="35">PRINTED</PrintTypeObject><ProvenanceObject OrderIndex="32"><CollectionId>a0232</CollectionId><ProviderId>P01214</ProviderId></ProvenanceObject><StatusObject OrderIndex="28">UPDATED</StatusObject><TextObject OrderIndex="41" TextRelation="STATEMENT_OF_RESPONSIBILITY"><Content>Francis Percy Addington ; z 38-go wyd. przetł. i wstępem zaopatrzył Rudolf Wacek.</Content></TextObject><TextObject OrderIndex="53" TextRelation="EXTENT"><Content>96 s. ;</Content></TextObject><TextObject OrderIndex="54" TextRelation="EXTENT"><Content>16 cm.</Content></TextObject><TextObject NoteType="GENERAL" OrderIndex="55" TextRelation="NOTE"><Content>Nie dublet do: I 427.060- brak na okł. r. wyd.: 1924.</Content></TextObject><OrganizationObject OrderIndex="48" PartyRelation="PUBLISHER"><PartyName>M. Bodek</PartyName></OrganizationObject><LanguageObject LanguageRelation="LANGUAGE_OF_CONTENT" OrderIndex="46">POL</LanguageObject><ResourceTypeObject OrderIndex="34">TEXT</ResourceTypeObject><TopicObject OrderIndex="50"><GeneralSubdivision>nauczanie i trening</GeneralSubdivision><TopicName>Piłka nożna</TopicName></TopicObject><TopicObject OrderIndex="51"><TopicName>Piłka nożna</TopicName></TopicObject><TopicObject OrderIndex="52"><TopicName>Regulaminy</TopicName></TopicObject><AudienceObject OrderIndex="39">UNKNOW</AudienceObject><InstantObject OrderIndex="30" TemporalRelation="OP_LOADED"><Time>1358943205000</Time><Granularity>SECOND</Granularity><Uncertain>false</Uncertain></InstantObject><InstantObject OrderIndex="45" TemporalRelation="PUBLICATION"><Time>-1514764800000</Time><Granularity>YEAR</Granularity><Uncertain>false</Uncertain></InstantObject><MetadataObject FieldSource="PROVIDER" Format="marc21" OrderIndex="33"><record xmlns="info:lc/xmlns/marcxchange-v1"><leader>01085nam a2200277 i 4500</leader><controlfield tag="001">b11516987</controlfield><controlfield tag="008">981002s1922    un           |000 0 pol  </controlfield><datafield ind1=" " ind2=" " tag="040"><subfield code="a">WA N</subfield><subfield code="c">WA N</subfield></datafield><datafield ind1="1" ind2=" " tag="041"><subfield code="a">pol</subfield><subfield code="h">eng</subfield></datafield><datafield ind1="1" ind2=" " tag="100"><subfield code="a">Addington, Francis Percy.</subfield></datafield><datafield ind1="1" ind2="0" tag="245"><subfield code="a">Teorja piłki nożnej (football) :</subfield><subfield code="b">praktyczny i teoretyczny przewodnik gry wraz z prawidłami Polskiego Związku Piłki Nożnej /</subfield><subfield code="c">Francis Percy Addington ; z 38-go wyd. przetł. i wstępem zaopatrzył Rudolf Wacek.</subfield></datafield><datafield ind1=" " ind2=" " tag="260"><subfield code="a">Lwów :</subfield><subfield code="b">M. Bodek,</subfield><subfield code="c">1922</subfield><subfield code="e">(Przemyśl :</subfield><subfield code="f">Knoller i Syn).</subfield></datafield><datafield ind1=" " ind2=" " tag="300"><subfield code="a">96 s. ;</subfield><subfield code="c">16 cm.</subfield></datafield><datafield ind1=" " ind2=" " tag="500"><subfield code="a">Nie dublet do: I 427.060- brak na okł. r. wyd.: 1924.</subfield></datafield><datafield ind1=" " ind2="4" tag="650"><subfield code="a">Piłka nożna</subfield><subfield code="x">nauczanie i trening</subfield></datafield><datafield ind1=" " ind2="4" tag="650"><subfield code="a">Piłka nożna</subfield></datafield><datafield ind1=" " ind2="4" tag="655"><subfield code="a">Regulaminy</subfield></datafield><datafield ind1="1" ind2=" " tag="700"><subfield code="a">Wacek, Rudolf.</subfield><subfield code="e">Tł.</subfield></datafield><datafield ind1=" " ind2=" " tag="902"><subfield code="a">121211</subfield><subfield code="c">981005</subfield><subfield code="d">m</subfield><subfield code="e">a</subfield><subfield code="f">-</subfield><subfield code="g">0</subfield></datafield><datafield ind1=" " ind2=" " tag="907"><subfield code="b">bk   </subfield><subfield code="c">-</subfield></datafield><datafield ind1=" " ind2=" " tag="960"><subfield code="a">I 1.574.055</subfield><subfield code="c">bk   </subfield><subfield code="h">1997 k 653/40</subfield><subfield code="i">Z 0,12</subfield><subfield code="k">1</subfield><subfield code="l">-</subfield><subfield code="o">1</subfield><subfield code="y">Ekslibris: Dziulikowski Wiktor</subfield></datafield><datafield ind1=" " ind2=" " tag="960"><subfield code="a">I 217.317 A</subfield><subfield code="c">bk   </subfield><subfield code="d">30001004627594</subfield><subfield code="h">st. z.</subfield><subfield code="i">Z 0,00</subfield><subfield code="l">-</subfield><subfield code="o">0</subfield></datafield><datafield ind1=" " ind2=" " tag="996"><subfield code="a">.b11516987</subfield></datafield><datafield ind1=" " ind2=" " tag="998"><subfield code="a">ik</subfield><subfield code="a">o</subfield></datafield><datafield ind1=" " ind2=" " tag="999"><subfield code="a">ja</subfield><subfield code="b">as</subfield><subfield code="b">ae</subfield></datafield><datafield ind1=" " ind2=" " tag="999"><subfield code="a">rodo</subfield></datafield></record>