</MetadataObject><PersonObject OrderIndex="43" PartyRelation="CREATOR"><PartyName>Francis Percy. Addington</PartyName><FirstNames>Francis Percy.</FirstNames><Surname>Addington</Surname></PersonObject><PersonObject OrderIndex="44" PartyRelation="CONTRIBUTOR"><PartyName>Rudolf. Wacek</PartyName><Identifiers><Identifier>2000078085402</Identifier><Scope>TEL</Scope></Identifiers><FirstNames>Rudolf.</FirstNames><Surname>Wacek</Surname></PersonObject><LinkObject FieldSource="TEL" LinkTarget="CATALOGUE_RECORD" OrderIndex="56"><Url>http://alpha.bn.org.pl/record=b1151698*pol</Url><LinkStatus>NOT_CHECKED</LinkStatus></LinkObject></MetadataRecord>
<MetadataRecord xmlns="http://theeuropeanlibrary.org/internal_object_model" ID="2000048755267"><BibliographicLevelObject OrderIndex="41">MONOGRAPH</BibliographicLevelObject><CatalogingFormObject OrderIndex="40">ISBD</CatalogingFormObject><TitleObject OrderIndex="44" TitleType="ALTERNATIVE"><Title>Die Sonnenfinsterniss des 16</Title></TitleObject><TitleObject OrderIndex="46" TitleType="MAIN"><Title>Zaćmienie słońca w dniu 16/28 lipca r.b</Title><SubTitle>na miejsca, w których ma się okazać całkowitém, lub bardzo wielkiém, ściśle obliczone i jasno wyłożone</SubTitle></TitleObject><TitleObject OrderIndex="47" TitleType="ALTERNATIVE"><Title>Sonnenfinsterniss des 16/28 Juli d.J. für die Örter wo sie total ober sehr gross erscheint genau berechnet und fasslich dargestellt</Title></TitleObject><IdentifierObject IdentifierType="LOCAL_IDENTIFIER" OrderIndex="32"><Identifier>b11516483</Identifier></IdentifierObject><IdentifierObject IdentifierType="OAIPMH" OrderIndex="34"><Identifier>urn:theeuropeanlibrary.org:a0232:b11516483</Identifier></IdentifierObject><IdentifierObject IdentifierType="LOCAL_IDENTIFIER" OrderIndex="43"><Identifier>b11516483</Identifier><Scope>a0232</Scope></IdentifierObject><IdentifierObject ContextLevel="RECORD" FieldSource="TEL" OrderIndex="63" PartyIdentifierType="TEL"><Identifier>1000004559608</Identifier><Scope>TEL</Scope></IdentifierObject><IdentifierObject ContextLevel="RECORD" FieldSource="TEL" OrderIndex="64" PartyIdentifierType="TEL"><Identifier>1000001203687</Identifier><Scope>TEL</Scope></IdentifierObject><IdentifierObject ContextLevel="RECORD" FieldSource="TEL" OrderIndex="65" SpatialIdentifierType="TEL"><Identifier>1000001587202</Identifier><Scope>TEL</Scope></IdentifierObject><IllustrationsObject OrderIndex="39">NO_ILLUSTRATIONS</IllustrationsObject><SpatialEntityObject OrderIndex="54" SpatialRelation="PUBLICATION"><Identifiers><Identifier>PL</Identifier><Scope>ISO3166</Scope></Identifiers></SpatialEntityObject><NamedPlaceObject OrderIndex="52" SpatialRelation="PUBLICATION"><Identifiers><Identifier>1000001587202</Identifier><Scope>TEL</Scope></Identifiers><PlaceName>Warszawa</PlaceName></NamedPlaceObject><PrintTypeObject OrderIndex="38">PRINTED</PrintTypeObject><ProvenanceObject OrderIndex="35"><CollectionId>a0232</CollectionId><ProviderId>P01214</ProviderId></ProvenanceObject><StatusObject OrderIndex="31">UPDATED</StatusObject><TextObject OrderIndex="45" TextRelation="STATEMENT_OF_RESPONSIBILITY"><Content>przez D. F. Schorr.</Content></TextObject><TextObject OrderIndex="57" TextRelation="EXTENT"><Content>143 s., [1] k. tabl. w kieszonce ;</Content></TextObject><TextObject OrderIndex="58" TextRelation="EXTENT"><Content>17 cm.</Content></TextObject><TextObject NoteType="GENERAL" OrderIndex="59" TextRelation="NOTE"><Content>Tekst równol. pol. i niem.</Content></TextObject><TextObject NoteType="GENERAL" OrderIndex="60" TextRelation="NOTE"><Content>Kat. Kras. hasło: Schorr F. (Dr.)</Content></TextObject><TextObject NoteType="EXTERNAL_INDEXES" OrderIndex="61" TextRelation="NOTE"><Content>Estr XIX. t. 4 s. 209.</Content></TextObject><OrganizationObject OrderIndex="53" PartyRelation="PUBLISHER"><PartyName>skł. gł. w księg. R. Friedleina</PartyName></OrganizationObject><LanguageObject LanguageRelation="LANGUAGE_OF_CONTENT" OrderIndex="50">POL</LanguageObject><LanguageObject LanguageRelation="LANGUAGE_OF_CONTENT" OrderIndex="51">GER</LanguageObject><ResourceTypeObject OrderIndex="37">TEXT</ResourceTypeObject><TopicObject OrderIndex="55"><GeneralSubdivision>badanie</GeneralSubdivision><ChronologicalSubdivision><Instant><Time>-61567776000000</Time><Granularity>YEAR</Granularity><Uncertain>false</Uncertain></Instant></ChronologicalSubdivision><TopicName>Układ Słoneczny</TopicName></TopicObject><TopicObject OrderIndex="56"><GeneralSubdivision>badanie</GeneralSubdivision><ChronologicalSubdivision><Instant><Time>-61567776000000</Time><Granularity>YEAR</Granularity><Uncertain>false</Uncertain></Instant></ChronologicalSubdivision><TopicName>Zaćmienie słońca</TopicName></TopicObject><AudienceObject OrderIndex="42">UNKNOW</AudienceObject><InstantObject OrderIndex="33" TemporalRelation="OP_LOADED"><Time>1358942912000</Time><Granularity>SECOND</Granularity><Uncertain>false</Uncertain></InstantObject><InstantObject OrderIndex="49" TemporalRelation="PUBLICATION"><Time>-3755289600000</Time><Granularity>YEAR</Granularity><Uncertain>false</Uncertain></InstantObject><MetadataObject FieldSource="PROVIDER" Format="marc21" OrderIndex="36"><record xmlns="info:lc/xmlns/marcxchange-v1"><leader>01380nam a2200289 i 4500</leader><controlfield tag="001">b11516483</controlfield><controlfield tag="008">981002s1851    pl           |000 0 pol  </controlfield><datafield ind1=" " ind2=" " tag="040"><subfield code="a">WA N</subfield><subfield code="c">WA N</subfield></datafield><datafield ind1="0" ind2=" " tag="041"><subfield code="a">polger</subfield></datafield><datafield ind1="1" ind2=" " tag="100"><subfield code="a">Schorr, F.</subfield></datafield><datafield ind1="1" ind2="0" tag="245"><subfield code="a">Zaćmienie słońca w dniu 16/28 lipca r.b. :</subfield><subfield code="b">na miejsca, w których ma się okazać całkowitém, lub bardzo wielkiém, ściśle obliczone i jasno wyłożone = Die Sonnenfinsterniss des 16/28 Juli d.J. für die Örter wo sie total ober sehr gross erscheint genau berechnet und fasslich dargestellt /</subfield><subfield code="c">przez D. F. Schorr.</subfield></datafield><datafield ind1="3" ind2="1" tag="246"><subfield code="a">Sonnenfinsterniss des 16/28 Juli d.J. für die Örter wo sie total ober sehr gross erscheint genau berechnet und fasslich dargestellt</subfield></datafield><datafield ind1=" " ind2=" " tag="260"><subfield code="a">Warszawa :</subfield><subfield code="b">skł. gł. w księg. R. Friedleina,</subfield><subfield code="c">1851</subfield><subfield code="e">([Warszawa] :</subfield><subfield code="f">J. Jaworski).</subfield></datafield><datafield ind1=" " ind2=" " tag="300"><subfield code="a">143 s., [1] k. tabl. w kieszonce ;</subfield><subfield code="c">17 cm.</subfield></datafield><datafield ind1=" " ind2=" " tag="500"><subfield code="a">Tekst równol. pol. i niem.</subfield></datafield><datafield ind1=" " ind2=" " tag="500"><subfield code="a">Kat. Kras. hasło: Schorr F. (Dr.)</subfield></datafield><datafield ind1="4" ind2=" " tag="510"><subfield code="a">Estr XIX</subfield><subfield code="c">t. 4 s. 209.</subfield></datafield><datafield ind1=" " ind2="4" tag="650"><subfield code="a">Układ Słoneczny</subfield><subfield code="x">badanie</subfield><subfield code="y">19 w.</subfield></datafield><datafield ind1=" " ind2="4" tag="650"><subfield code="a">Zaćmienie słońca</subfield><subfield code="x">badanie</subfield><subfield code="y">19 w.</subfield></datafield><datafield ind1=" " ind2=" " tag="902"><subfield code="a">121211</subfield><subfield code="c">981005</subfield><subfield code="d">m</subfield><subfield code="e">a</subfield><subfield code="f">-</subfield><subfield code="g">0</subfield></datafield><datafield ind1=" " ind2=" " tag="907"><subfield code="b">bk   </subfield><subfield code="c">-</subfield></datafield><datafield ind1=" " ind2=" " tag="960"><subfield code="a">I 2.047.617</subfield><subfield code="c">bk   </subfield><subfield code="h">Kras. 5588</subfield><subfield code="i">Z 500,00</subfield><subfield code="l">-</subfield><subfield code="o">1</subfield></datafield><datafield ind1=" " ind2=" " tag="960"><subfield code="a">I 872.613 A</subfield><subfield code="c">bk   </subfield><subfield code="d">30001011879822</subfield><subfield code="h">st. z.</subfield><subfield code="i">Z 0,00</subfield><subfield code="l">-</subfield><subfield code="o">0</subfield><subfield code="x">odkwaszono 2010</subfield></datafield><datafield ind1=" " ind2=" " tag="996"><subfield code="a">.b11516483</subfield></datafield><datafield ind1=" " ind2=" " tag="998"><subfield code="a">ik</subfield><subfield code="a">o</subfield></datafield><datafield ind1=" " ind2=" " tag="999"><subfield code="a">jk</subfield><subfield code="b">as</subfield><subfield code="b">bm</subfield></datafield><datafield ind1=" " ind2=" " tag="999"><subfield code="a">alma</subfield></datafield></record>