</MetadataObject><PersonObject OrderIndex="48" PartyRelation="CREATOR"><PartyName>F. Schorr</PartyName><Identifiers><Identifier>1000004559608</Identifier><Scope>TEL</Scope></Identifiers><Identifiers><Identifier>1000001203687</Identifier><Scope>TEL</Scope></Identifiers><FirstNames>F.</FirstNames><Surname>Schorr</Surname></PersonObject><LinkObject FieldSource="TEL" LinkTarget="CATALOGUE_RECORD" OrderIndex="62"><Url>http://alpha.bn.org.pl/record=b1151648*pol</Url><LinkStatus>NOT_CHECKED</LinkStatus></LinkObject></MetadataRecord>
<MetadataRecord xmlns="http://theeuropeanlibrary.org/internal_object_model" ID="2000048755289"><BibliographicLevelObject OrderIndex="38">MONOGRAPH</BibliographicLevelObject><CatalogingFormObject OrderIndex="37">ISBD</CatalogingFormObject><TitleObject OrderIndex="42" TitleType="MAIN"><Title>Kazanie pod czas pogrzebu Jaśnie Wielmożnego s. p. Macieja Sołtyka wojewody sandomierskiego, szydłowskiego etc. starosty orderów, Orła Białego i s. Stanisława kawalera w kościele stopnickim xx. Reformatorów dnia 31 maia 1802 roku</Title></TitleObject><IdentifierObject IdentifierType="LOCAL_IDENTIFIER" OrderIndex="29"><Identifier>b11516707</Identifier></IdentifierObject><IdentifierObject IdentifierType="OAIPMH" OrderIndex="31"><Identifier>urn:theeuropeanlibrary.org:a0232:b11516707</Identifier></IdentifierObject><IdentifierObject IdentifierType="LOCAL_IDENTIFIER" OrderIndex="40"><Identifier>b11516707</Identifier><Scope>a0232</Scope></IdentifierObject><IdentifierObject ContextLevel="RECORD" FieldSource="TEL" OrderIndex="57" PartyIdentifierType="TEL"><Identifier>1000021165609</Identifier><Scope>TEL</Scope></IdentifierObject><IllustrationsObject OrderIndex="36">NO_ILLUSTRATIONS</IllustrationsObject><SpatialEntityObject OrderIndex="48" SpatialRelation="PUBLICATION"><Identifiers><Identifier>PL</Identifier><Scope>ISO3166</Scope></Identifiers></SpatialEntityObject><NamedPlaceObject OrderIndex="46" SpatialRelation="PUBLICATION"><PlaceName>Kraków</PlaceName></NamedPlaceObject><NamedPlaceObject OrderIndex="50" SpatialRelation="SUBJECT"><PlaceName>Sandomierz (woj. świętokrzyskie)</PlaceName><Subject><GeneralSubdivision>biografie</GeneralSubdivision><ChronologicalSubdivision><Instant><Time>-61552137600000</Time><Granularity>MONTH</Granularity><Uncertain>false</Uncertain></Instant></ChronologicalSubdivision></Subject></NamedPlaceObject><PrintTypeObject OrderIndex="35">PRINTED</PrintTypeObject><ProvenanceObject OrderIndex="32"><CollectionId>a0232</CollectionId><ProviderId>P01214</ProviderId></ProvenanceObject><StatusObject OrderIndex="28">UPDATED</StatusObject><TextObject OrderIndex="53" TextRelation="EXTENT"><Content>[2], 45 s. ;</Content></TextObject><TextObject OrderIndex="54" TextRelation="EXTENT"><Content>15 cm.</Content></TextObject><TextObject NoteType="EXTERNAL_INDEXES" OrderIndex="55" TextRelation="NOTE"><Content>Estr XIX. t. 3 s. 90.</Content></TextObject><OrganizationObject OrderIndex="47" PartyRelation="PUBLISHER"><PartyName>w Druk. A. Gröbla Wdowy</PartyName></OrganizationObject><LanguageObject LanguageRelation="LANGUAGE_OF_CONTENT" OrderIndex="45">POL</LanguageObject><ResourceTypeObject OrderIndex="34">TEXT</ResourceTypeObject><TopicObject OrderIndex="51"><ChronologicalSubdivision><Instant><Time>-61567776000000</Time><Granularity>YEAR</Granularity><Uncertain>false</Uncertain></Instant></ChronologicalSubdivision><TopicName>Mowy pogrzebowe polskie</TopicName></TopicObject><TopicObject OrderIndex="52"><TopicName>Biografie</TopicName></TopicObject><AudienceObject OrderIndex="39">UNKNOW</AudienceObject><InstantObject OrderIndex="30" TemporalRelation="OP_LOADED"><Time>1358943205000</Time><Granularity>SECOND</Granularity><Uncertain>false</Uncertain></InstantObject><InstantObject OrderIndex="44" TemporalRelation="PUBLICATION"><Time>-5301590400000</Time><Granularity>YEAR</Granularity><Uncertain>false</Uncertain></InstantObject><MetadataObject FieldSource="PROVIDER" Format="marc21" OrderIndex="33"><record xmlns="info:lc/xmlns/marcxchange-v1"><leader>01250nam a2200289 i 4500</leader><controlfield tag="001">b11516707</controlfield><controlfield tag="008">981002s1802    pl           |000 0 pol  </controlfield><datafield ind1=" " ind2=" " tag="040"><subfield code="a">WA N</subfield><subfield code="c">WA N</subfield></datafield><datafield ind1="1" ind2=" " tag="100"><subfield code="a">Męciński, Józef</subfield><subfield code="d">(1748-1814).</subfield></datafield><datafield ind1="1" ind2="0" tag="245"><subfield code="a">Kazanie pod czas pogrzebu Jaśnie Wielmożnego s. p. Macieja Sołtyka wojewody sandomierskiego, szydłowskiego etc. starosty orderów, Orła Białego i s. Stanisława kawalera w kościele stopnickim xx. Reformatorów dnia 31 maia 1802 roku /</subfield><subfield code="c">przez Józefa Męcińskiego miane.</subfield></datafield><datafield ind1=" " ind2=" " tag="260"><subfield code="a">Kraków :</subfield><subfield code="b">w Druk. A. Gröbla Wdowy,</subfield><subfield code="c">1802.</subfield></datafield><datafield ind1=" " ind2=" " tag="300"><subfield code="a">[2], 45 s. ;</subfield><subfield code="c">15 cm.</subfield></datafield><datafield ind1="4" ind2=" " tag="510"><subfield code="a">Estr XIX</subfield><subfield code="c">t. 3 s. 90.</subfield></datafield><datafield ind1="1" ind2="4" tag="600"><subfield code="a">Sołtyk, Maciej</subfield><subfield code="d">(?-1802)</subfield></datafield><datafield ind1=" " ind2="4" tag="651"><subfield code="a">Sandomierz (woj. świętokrzyskie)</subfield><subfield code="x">biografie</subfield><subfield code="y">18-19 w.</subfield></datafield><datafield ind1=" " ind2="4" tag="655"><subfield code="a">Mowy pogrzebowe polskie</subfield><subfield code="y">19 w.</subfield></datafield><datafield ind1=" " ind2="4" tag="655"><subfield code="a">Biografie</subfield></datafield><datafield ind1="4" ind2="1" tag="856"><subfield code="u">http://www.polona.pl/dlibra/doccontent2?id=890 </subfield><subfield code="z">Reprodukcja cyfrowa w cBN Polona</subfield></datafield><datafield ind1=" " ind2=" " tag="902"><subfield code="a">121211</subfield><subfield code="c">981005</subfield><subfield code="d">m</subfield><subfield code="e">a</subfield><subfield code="f">-</subfield><subfield code="g">0</subfield></datafield><datafield ind1=" " ind2=" " tag="907"><subfield code="b">multi</subfield><subfield code="c">-</subfield></datafield><datafield ind1=" " ind2=" " tag="960"><subfield code="c">zdj  </subfield><subfield code="i">Z 0,00</subfield><subfield code="l">-</subfield><subfield code="o">24</subfield></datafield><datafield ind1=" " ind2=" " tag="960"><subfield code="a">I 127.298</subfield><subfield code="c">bk   </subfield><subfield code="d">30001003629039</subfield><subfield code="h">I. AK. 472</subfield><subfield code="i">Z 0,00</subfield><subfield code="l">-</subfield><subfield code="o">1</subfield></datafield><datafield ind1=" " ind2=" " tag="960"><subfield code="a">I 2.074.503 A</subfield><subfield code="c">bk   </subfield><subfield code="d">30001012448669</subfield><subfield code="h">Kras. 49879</subfield><subfield code="i">Z 150,00</subfield><subfield code="l">-</subfield><subfield code="o">0</subfield></datafield><datafield ind1=" " ind2=" " tag="996"><subfield code="a">.b11516707</subfield></datafield><datafield ind1=" " ind2=" " tag="998"><subfield code="a">ik</subfield><subfield code="a">o</subfield></datafield><datafield ind1=" " ind2=" " tag="999"><subfield code="a">mt</subfield><subfield code="b">as</subfield><subfield code="b">ae</subfield></datafield><datafield ind1=" " ind2=" " tag="999"><subfield code="a">anku</subfield></datafield></record>