</MetadataObject><PersonObject OrderIndex="43" PartyRelation="CREATOR"><PartyName>Józef Męciński</PartyName><Identifiers><Identifier>1000021165609</Identifier><Scope>TEL</Scope></Identifiers><LifePeriod><Start><Time>-7005657600000</Time><Granularity>YEAR</Granularity><Uncertain>false</Uncertain></Start><End><Time>-4922899200000</Time><Granularity>YEAR</Granularity><Uncertain>false</Uncertain></End></LifePeriod><FirstNames>Józef</FirstNames><Surname>Męciński</Surname></PersonObject><PersonObject OrderIndex="49" PartyRelation="SUBJECT"><PartyName>Maciej Sołtyk</PartyName><LifePeriod><Start><Granularity>UNKNOWN</Granularity><Uncertain>false</Uncertain></Start><End><Time>-5301590400000</Time><Granularity>YEAR</Granularity><Uncertain>false</Uncertain></End></LifePeriod><FirstNames>Maciej</FirstNames><Surname>Sołtyk</Surname></PersonObject><LinkObject LinkTarget="DIGITAL_OBJECT" OrderIndex="41"><Url>http://www.polona.pl/dlibra/doccontent2?id=890</Url><LinkStatus>NOT_CHECKED</LinkStatus></LinkObject><LinkObject FieldSource="TEL" LinkTarget="CATALOGUE_RECORD" OrderIndex="56"><Url>http://alpha.bn.org.pl/record=b1151670*pol</Url><LinkStatus>NOT_CHECKED</LinkStatus></LinkObject></MetadataRecord>
<MetadataRecord xmlns="http://theeuropeanlibrary.org/internal_object_model" ID="2000048755373"><BibliographicLevelObject OrderIndex="37">MONOGRAPH</BibliographicLevelObject><CatalogingFormObject OrderIndex="36">ISBD</CatalogingFormObject><TitleObject OrderIndex="40" TitleType="MAIN"><Title>Słowniczek wyrażeń w zawodzie czcionkarstwa polskiego używanych i używać się mogących</Title></TitleObject><IdentifierObject IdentifierType="LOCAL_IDENTIFIER" OrderIndex="28"><Identifier>b11517542</Identifier></IdentifierObject><IdentifierObject IdentifierType="OAIPMH" OrderIndex="30"><Identifier>urn:theeuropeanlibrary.org:a0232:b11517542</Identifier></IdentifierObject><IdentifierObject IdentifierType="LOCAL_IDENTIFIER" OrderIndex="39"><Identifier>b11517542</Identifier><Scope>a0232</Scope></IdentifierObject><IdentifierObject ContextLevel="RECORD" FieldSource="TEL" OrderIndex="55" PartyIdentifierType="TEL"><Identifier>1000021141489</Identifier><Scope>TEL</Scope></IdentifierObject><IdentifierObject ContextLevel="RECORD" FieldSource="TEL" OrderIndex="56" SpatialIdentifierType="TEL"><Identifier>1000001587202</Identifier><Scope>TEL</Scope></IdentifierObject><IllustrationsObject OrderIndex="35">NO_ILLUSTRATIONS</IllustrationsObject><SpatialEntityObject OrderIndex="46" SpatialRelation="PUBLICATION"><Identifiers><Identifier>PL</Identifier><Scope>ISO3166</Scope></Identifiers></SpatialEntityObject><NamedPlaceObject OrderIndex="44" SpatialRelation="PUBLICATION"><Identifiers><Identifier>1000001587202</Identifier><Scope>TEL</Scope></Identifiers><PlaceName>Warszawa</PlaceName></NamedPlaceObject><PrintTypeObject OrderIndex="34">PRINTED</PrintTypeObject><ProvenanceObject OrderIndex="31"><CollectionId>a0232</CollectionId><ProviderId>P01214</ProviderId></ProvenanceObject><StatusObject OrderIndex="27">UPDATED</StatusObject><TextObject OrderIndex="50" TextRelation="EXTENT"><Content>[6], V, [1], 27, [1] s. ;</Content></TextObject><TextObject OrderIndex="51" TextRelation="EXTENT"><Content>18 cm.</Content></TextObject><TextObject NoteType="GENERAL" OrderIndex="52" TextRelation="NOTE"><Content>Na s. tyt. błędnie wydr. m. i r. druku: Kraków, 1865.</Content></TextObject><TextObject NoteType="EXTERNAL_INDEXES" OrderIndex="53" TextRelation="NOTE"><Content>Estr XIX. t. 4 s. 563.</Content></TextObject><OrganizationObject OrderIndex="45" PartyRelation="PUBLISHER"><PartyName>s. n.</PartyName></OrganizationObject><LanguageObject LanguageRelation="LANGUAGE_OF_CONTENT" OrderIndex="43">POL</LanguageObject><ResourceTypeObject OrderIndex="33">TEXT</ResourceTypeObject><TopicObject OrderIndex="47"><GeneralSubdivision>terminologia</GeneralSubdivision><TopicName>Drukarstwo</TopicName></TopicObject><TopicObject OrderIndex="48"><TopicName>Słowniki terminologiczne</TopicName></TopicObject><TopicObject OrderIndex="49"><TopicName>Słowniki polskie</TopicName></TopicObject><AudienceObject OrderIndex="38">UNKNOW</AudienceObject><InstantObject OrderIndex="29" TemporalRelation="OP_LOADED"><Time>1358942912000</Time><Granularity>SECOND</Granularity><Uncertain>false</Uncertain></InstantObject><InstantObject OrderIndex="42" TemporalRelation="PUBLICATION"><Time>-2808518400000</Time><Granularity>YEAR</Granularity><Uncertain>false</Uncertain></InstantObject><MetadataObject FieldSource="PROVIDER" Format="marc21" OrderIndex="32"><record xmlns="info:lc/xmlns/marcxchange-v1"><leader>01078nam a2200277 i 4500</leader><controlfield tag="001">b11517542</controlfield><controlfield tag="008">981002s1881    pl           |000 0 pol  </controlfield><datafield ind1=" " ind2=" " tag="040"><subfield code="a">WA N</subfield><subfield code="c">WA N</subfield></datafield><datafield ind1="1" ind2=" " tag="100"><subfield code="a">Wywiałkowski, Żegota.</subfield></datafield><datafield ind1="1" ind2="0" tag="245"><subfield code="a">Słowniczek wyrażeń w zawodzie czcionkarstwa polskiego używanych i używać się mogących /</subfield><subfield code="c">zebr. i pomn. Żegota Wywiałkowski.</subfield></datafield><datafield ind1=" " ind2=" " tag="260"><subfield code="a">Warszawa :</subfield><subfield code="b">[s. n.],</subfield><subfield code="c">1881</subfield><subfield code="e">(Warszawa :</subfield><subfield code="f">J. Berger).</subfield></datafield><datafield ind1=" " ind2=" " tag="300"><subfield code="a">[6], V, [1], 27, [1] s. ;</subfield><subfield code="c">18 cm.</subfield></datafield><datafield ind1=" " ind2=" " tag="500"><subfield code="a">Na s. tyt. błędnie wydr. m. i r. druku: Kraków, 1865.</subfield></datafield><datafield ind1="4" ind2=" " tag="510"><subfield code="a">Estr XIX</subfield><subfield code="c">t. 4 s. 563.</subfield></datafield><datafield ind1=" " ind2="4" tag="650"><subfield code="a">Drukarstwo</subfield><subfield code="x">terminologia</subfield></datafield><datafield ind1=" " ind2="4" tag="655"><subfield code="a">Słowniki terminologiczne</subfield></datafield><datafield ind1=" " ind2="4" tag="655"><subfield code="a">Słowniki polskie</subfield></datafield><datafield ind1=" " ind2=" " tag="902"><subfield code="a">121211</subfield><subfield code="c">981005</subfield><subfield code="d">m</subfield><subfield code="e">a</subfield><subfield code="f">-</subfield><subfield code="g">0</subfield></datafield><datafield ind1=" " ind2=" " tag="907"><subfield code="b">multi</subfield><subfield code="c">-</subfield></datafield><datafield ind1=" " ind2=" " tag="960"><subfield code="a">I 478.357</subfield><subfield code="c">bk   </subfield><subfield code="d">30001005004488</subfield><subfield code="h">Hor. 25705</subfield><subfield code="i">Z 0,00</subfield><subfield code="l">-</subfield><subfield code="o">1</subfield></datafield><datafield ind1=" " ind2=" " tag="960"><subfield code="a">I 2.074.680 A</subfield><subfield code="c">bk   </subfield><subfield code="d">30001002677690</subfield><subfield code="h">Kras. 11983</subfield><subfield code="i">Z 150,00</subfield><subfield code="l">-</subfield><subfield code="o">0</subfield></datafield><datafield ind1=" " ind2=" " tag="960"><subfield code="a">8.725</subfield><subfield code="c">bzdk </subfield><subfield code="h">1947 k 195/1042</subfield><subfield code="i">Z 0,00</subfield><subfield code="l">-</subfield><subfield code="o">1</subfield></datafield><datafield ind1=" " ind2=" " tag="960"><subfield code="a">8.380</subfield><subfield code="c">bzdk </subfield><subfield code="h">st. z.</subfield><subfield code="i">Z 0,00</subfield><subfield code="l">-</subfield><subfield code="o">1</subfield></datafield><datafield ind1=" " ind2=" " tag="996"><subfield code="a">.b11517542</subfield></datafield><datafield ind1=" " ind2=" " tag="998"><subfield code="a">ik</subfield><subfield code="a">o</subfield></datafield><datafield ind1=" " ind2=" " tag="999"><subfield code="a">jk</subfield><subfield code="b">as</subfield><subfield code="b">ae</subfield></datafield></record>