</MetadataObject><PersonObject OrderIndex="41" PartyRelation="CREATOR"><PartyName>Żegota. Wywiałkowski</PartyName><Identifiers><Identifier>1000021141489</Identifier><Scope>TEL</Scope></Identifiers><FirstNames>Żegota.</FirstNames><Surname>Wywiałkowski</Surname></PersonObject><LinkObject FieldSource="TEL" LinkTarget="CATALOGUE_RECORD" OrderIndex="54"><Url>http://alpha.bn.org.pl/record=b1151754*pol</Url><LinkStatus>NOT_CHECKED</LinkStatus></LinkObject></MetadataRecord>
<MetadataRecord xmlns="http://theeuropeanlibrary.org/internal_object_model" ID="2000048755360"><BibliographicLevelObject OrderIndex="34">MONOGRAPH</BibliographicLevelObject><CatalogingFormObject OrderIndex="33">ISBD</CatalogingFormObject><TitleObject OrderIndex="38" TitleType="MAIN"><Title>Znużenie</Title><SubTitle>odczyt wygłoszony w sali Muzeum Przemysłu i Rolnictwa</SubTitle></TitleObject><IdentifierObject IdentifierType="LOCAL_IDENTIFIER" OrderIndex="25"><Identifier>b11517414</Identifier></IdentifierObject><IdentifierObject IdentifierType="OAIPMH" OrderIndex="27"><Identifier>urn:theeuropeanlibrary.org:a0232:b11517414</Identifier></IdentifierObject><IdentifierObject IdentifierType="LOCAL_IDENTIFIER" OrderIndex="36"><Identifier>b11517414</Identifier><Scope>a0232</Scope></IdentifierObject><IdentifierObject ContextLevel="RECORD" FieldSource="TEL" OrderIndex="49" PartyIdentifierType="TEL"><Identifier>1000015833155</Identifier><Scope>TEL</Scope></IdentifierObject><IdentifierObject ContextLevel="RECORD" FieldSource="TEL" OrderIndex="50" PartyIdentifierType="TEL"><Identifier>1000018322175</Identifier><Scope>TEL</Scope></IdentifierObject><IdentifierObject ContextLevel="RECORD" FieldSource="TEL" OrderIndex="51" SpatialIdentifierType="TEL"><Identifier>1000001587202</Identifier><Scope>TEL</Scope></IdentifierObject><IllustrationsObject OrderIndex="32">NO_ILLUSTRATIONS</IllustrationsObject><SpatialEntityObject OrderIndex="44" SpatialRelation="PUBLICATION"><Identifiers><Identifier>PL</Identifier><Scope>ISO3166</Scope></Identifiers></SpatialEntityObject><NamedPlaceObject OrderIndex="42" SpatialRelation="PUBLICATION"><Identifiers><Identifier>1000001587202</Identifier><Scope>TEL</Scope></Identifiers><PlaceName>Warszawa</PlaceName></NamedPlaceObject><PrintTypeObject OrderIndex="31">PRINTED</PrintTypeObject><ProvenanceObject OrderIndex="28"><CollectionId>a0232</CollectionId><ProviderId>P01214</ProviderId></ProvenanceObject><StatusObject OrderIndex="24">UPDATED</StatusObject><TextObject OrderIndex="37" TextRelation="STATEMENT_OF_RESPONSIBILITY"><Content>przez Stanisława Kopczyńskiego.</Content></TextObject><TextObject OrderIndex="46" TextRelation="EXTENT"><Content>47 s. ;</Content></TextObject><TextObject OrderIndex="47" TextRelation="EXTENT"><Content>13 cm.</Content></TextObject><OrganizationObject OrderIndex="43" PartyRelation="PUBLISHER"><PartyName>M. Arct</PartyName><Identifiers><Identifier>1000018322175</Identifier><Scope>TEL</Scope></Identifiers></OrganizationObject><LanguageObject LanguageRelation="LANGUAGE_OF_CONTENT" OrderIndex="41">POL</LanguageObject><ResourceTypeObject OrderIndex="30">TEXT</ResourceTypeObject><TopicObject OrderIndex="45"><GeneralSubdivision>fizjologia</GeneralSubdivision><TopicName>Zmęczenie</TopicName></TopicObject><AudienceObject OrderIndex="35">UNKNOW</AudienceObject><InstantObject OrderIndex="26" TemporalRelation="OP_LOADED"><Time>1358943205000</Time><Granularity>SECOND</Granularity><Uncertain>false</Uncertain></InstantObject><InstantObject OrderIndex="40" TemporalRelation="PUBLICATION"><Time>-2145916800000</Time><Granularity>YEAR</Granularity><Uncertain>false</Uncertain></InstantObject><MetadataObject FieldSource="PROVIDER" Format="marc21" OrderIndex="29"><record xmlns="info:lc/xmlns/marcxchange-v1"><leader>00846nam a2200241 i 4500</leader><controlfield tag="001">b11517414</controlfield><controlfield tag="008">981002s1902    pl           |000 0 pol  </controlfield><datafield ind1=" " ind2=" " tag="040"><subfield code="a">WA N</subfield><subfield code="c">WA N</subfield></datafield><datafield ind1="1" ind2=" " tag="100"><subfield code="a">Kopczyński, Stanisław</subfield><subfield code="d">(1873-1933).</subfield></datafield><datafield ind1="1" ind2="0" tag="245"><subfield code="a">Znużenie :</subfield><subfield code="b">odczyt wygłoszony w sali Muzeum Przemysłu i Rolnictwa /</subfield><subfield code="c">przez Stanisława Kopczyńskiego.</subfield></datafield><datafield ind1=" " ind2=" " tag="260"><subfield code="a">Warszawa :</subfield><subfield code="b">M. Arct,</subfield><subfield code="c">1902</subfield><subfield code="e">(Warszawa :</subfield><subfield code="f">M. Arct).</subfield></datafield><datafield ind1=" " ind2=" " tag="300"><subfield code="a">47 s. ;</subfield><subfield code="c">13 cm.</subfield></datafield><datafield ind1="1" ind2=" " tag="490"><subfield code="a">Książki dla Wszystkich ;</subfield><subfield code="v">56</subfield></datafield><datafield ind1=" " ind2="4" tag="650"><subfield code="a">Zmęczenie</subfield><subfield code="x">fizjologia</subfield></datafield><datafield ind1=" " ind2="0" tag="830"><subfield code="a">Książki dla Wszystkich ;</subfield><subfield code="v">56</subfield></datafield><datafield ind1=" " ind2=" " tag="902"><subfield code="a">121211</subfield><subfield code="c">981005</subfield><subfield code="d">m</subfield><subfield code="e">a</subfield><subfield code="f">-</subfield><subfield code="g">0</subfield></datafield><datafield ind1=" " ind2=" " tag="907"><subfield code="b">bk   </subfield><subfield code="c">-</subfield></datafield><datafield ind1=" " ind2=" " tag="960"><subfield code="a">I 540.750/56</subfield><subfield code="c">bk   </subfield><subfield code="d">30001008154055</subfield><subfield code="h">1941 k 2313</subfield><subfield code="i">Z 0,00</subfield><subfield code="l">-</subfield><subfield code="o">1</subfield></datafield><datafield ind1=" " ind2=" " tag="960"><subfield code="a">I 2.074.666 A</subfield><subfield code="c">bk   </subfield><subfield code="h">Kras. 13429</subfield><subfield code="i">Z 150,00</subfield><subfield code="l">-</subfield><subfield code="o">0</subfield></datafield><datafield ind1=" " ind2=" " tag="996"><subfield code="a">.b11517414</subfield></datafield><datafield ind1=" " ind2=" " tag="998"><subfield code="a">ik</subfield><subfield code="a">o</subfield></datafield><datafield ind1=" " ind2=" " tag="999"><subfield code="a">as</subfield><subfield code="b">zb</subfield><subfield code="b">ae</subfield></datafield><datafield ind1=" " ind2=" " tag="999"><subfield code="a">emal</subfield></datafield></record>