</MetadataObject><PersonObject OrderIndex="39" PartyRelation="CREATOR"><PartyName>Stanisław Kopczyński</PartyName><Identifiers><Identifier>1000015833155</Identifier><Scope>TEL</Scope></Identifiers><LifePeriod><Start><Time>-3060979200000</Time><Granularity>YEAR</Granularity><Uncertain>false</Uncertain></Start><End><Time>-1167609600000</Time><Granularity>YEAR</Granularity><Uncertain>false</Uncertain></End></LifePeriod><FirstNames>Stanisław</FirstNames><Surname>Kopczyński</Surname></PersonObject><LinkObject FieldSource="TEL" LinkTarget="CATALOGUE_RECORD" OrderIndex="48"><Url>http://alpha.bn.org.pl/record=b1151741*pol</Url><LinkStatus>NOT_CHECKED</LinkStatus></LinkObject></MetadataRecord>
<MetadataRecord xmlns="http://theeuropeanlibrary.org/internal_object_model" ID="2000048755383"><BibliographicLevelObject OrderIndex="36">MONOGRAPH</BibliographicLevelObject><CatalogingFormObject OrderIndex="35">ISBD</CatalogingFormObject><TitleObject OrderIndex="40" TitleType="MAIN"><Title>Uchovávanie knižničného fondu</Title></TitleObject><IdentifierObject IdentifierType="LOCAL_IDENTIFIER" OrderIndex="27"><Identifier>b11517645</Identifier></IdentifierObject><IdentifierObject IdentifierType="OAIPMH" OrderIndex="29"><Identifier>urn:theeuropeanlibrary.org:a0232:b11517645</Identifier></IdentifierObject><IdentifierObject IdentifierType="LOCAL_IDENTIFIER" OrderIndex="38"><Identifier>b11517645</Identifier><Scope>a0232</Scope></IdentifierObject><IdentifierObject IdentifierType="ISBN" OrderIndex="39"><Identifier>8085165538</Identifier></IdentifierObject><IdentifierObject ContextLevel="RECORD" FieldSource="TEL" OrderIndex="53" PartyIdentifierType="TEL"><Identifier>1000017161885</Identifier><Scope>TEL</Scope></IdentifierObject><IdentifierObject ContextLevel="RECORD" FieldSource="TEL" OrderIndex="54" PartyIdentifierType="TEL"><Identifier>1000019489573</Identifier><Scope>TEL</Scope></IdentifierObject><IdentifierObject ContextLevel="RECORD" FieldSource="TEL" OrderIndex="55" SpatialIdentifierType="TEL"><Identifier>1000006201987</Identifier><Scope>TEL</Scope></IdentifierObject><IllustrationsObject OrderIndex="34">NO_ILLUSTRATIONS</IllustrationsObject><SpatialEntityObject OrderIndex="47" SpatialRelation="PUBLICATION"><Identifiers><Identifier>SK</Identifier><Scope>ISO3166</Scope></Identifiers></SpatialEntityObject><NamedPlaceObject OrderIndex="45" SpatialRelation="PUBLICATION"><Identifiers><Identifier>1000006201987</Identifier><Scope>TEL</Scope></Identifiers><PlaceName>Bratislava</PlaceName></NamedPlaceObject><PrintTypeObject OrderIndex="33">PRINTED</PrintTypeObject><ProvenanceObject OrderIndex="30"><CollectionId>a0232</CollectionId><ProviderId>P01214</ProviderId></ProvenanceObject><StatusObject OrderIndex="26">UPDATED</StatusObject><TextObject OrderIndex="49" TextRelation="EXTENT"><Content>96, [1] s. ;</Content></TextObject><TextObject OrderIndex="50" TextRelation="EXTENT"><Content>21 cm.</Content></TextObject><TextObject OrderIndex="51" TextRelation="DESCRIPTION"><Content>Bibliogr. s. 90-93.</Content></TextObject><OrganizationObject OrderIndex="46" PartyRelation="PUBLISHER"><PartyName>Slovenská technická knižnica - Centrum VTI SR</PartyName><Identifiers><Identifier>1000019489573</Identifier><Scope>TEL</Scope></Identifiers></OrganizationObject><LanguageObject LanguageRelation="LANGUAGE_OF_CONTENT" OrderIndex="43">SLO</LanguageObject><ResourceTypeObject OrderIndex="32">TEXT</ResourceTypeObject><TopicObject OrderIndex="48"><GeneralSubdivision>gromadzenie i selekcja</GeneralSubdivision><TopicName>Zbiory biblioteczne</TopicName></TopicObject><AudienceObject OrderIndex="37">UNKNOW</AudienceObject><InstantObject OrderIndex="28" TemporalRelation="OP_LOADED"><Time>1358943205000</Time><Granularity>SECOND</Granularity><Uncertain>false</Uncertain></InstantObject><InstantObject OrderIndex="42" TemporalRelation="PUBLICATION"><Time>788918400000</Time><Granularity>YEAR</Granularity><Uncertain>false</Uncertain></InstantObject><MetadataObject FieldSource="PROVIDER" Format="marc21" OrderIndex="31"><record xmlns="info:lc/xmlns/marcxchange-v1"><leader>00782nam a2200253 i 4500</leader><controlfield tag="001">b11517645</controlfield><controlfield tag="008">981002s1995    xo           |000 0 slo  </controlfield><datafield ind1=" " ind2=" " tag="020"><subfield code="a">8085165538</subfield></datafield><datafield ind1=" " ind2=" " tag="040"><subfield code="a">WA N</subfield><subfield code="c">WA N</subfield></datafield><datafield ind1="1" ind2=" " tag="100"><subfield code="a">Nováková, Marta.</subfield></datafield><datafield ind1="1" ind2="0" tag="245"><subfield code="a">Uchovávanie knižničného fondu /</subfield><subfield code="c">Marta Nováková.</subfield></datafield><datafield ind1=" " ind2=" " tag="250"><subfield code="a">[3. preprac. a dopl. vyd.].</subfield></datafield><datafield ind1=" " ind2=" " tag="260"><subfield code="a">Bratislava :</subfield><subfield code="b">Slovenská technická knižnica - Centrum VTI SR,</subfield><subfield code="c">1995.</subfield></datafield><datafield ind1=" " ind2=" " tag="300"><subfield code="a">96, [1] s. ;</subfield><subfield code="c">21 cm.</subfield></datafield><datafield ind1=" " ind2=" " tag="504"><subfield code="a">Bibliogr. s. 90-93.</subfield></datafield><datafield ind1=" " ind2="4" tag="650"><subfield code="a">Zbiory biblioteczne</subfield><subfield code="x">gromadzenie i selekcja</subfield></datafield><datafield ind1=" " ind2=" " tag="902"><subfield code="a">121211</subfield><subfield code="c">981005</subfield><subfield code="d">m</subfield><subfield code="e">a</subfield><subfield code="f">-</subfield><subfield code="g">0</subfield></datafield><datafield ind1=" " ind2=" " tag="907"><subfield code="b">bzdk </subfield><subfield code="c">-</subfield></datafield><datafield ind1=" " ind2=" " tag="920"><subfield code="a">80-85165-53-8</subfield></datafield><datafield ind1=" " ind2=" " tag="960"><subfield code="a">993.322</subfield><subfield code="c">bzdk </subfield><subfield code="h">1997 w 26/14</subfield><subfield code="i">Z 0,10</subfield><subfield code="k">1</subfield><subfield code="l">-</subfield><subfield code="o">1</subfield></datafield><datafield ind1=" " ind2=" " tag="996"><subfield code="a">.b11517645</subfield></datafield><datafield ind1=" " ind2=" " tag="998"><subfield code="a">ik</subfield><subfield code="a">o</subfield></datafield><datafield ind1=" " ind2=" " tag="999"><subfield code="a">kc</subfield><subfield code="b">DP</subfield><subfield code="b">ae</subfield></datafield><datafield ind1=" " ind2=" " tag="999"><subfield code="a">sawi</subfield></datafield></record>