</MetadataObject><PersonObject OrderIndex="40" PartyRelation="CREATOR"><PartyName>Wincenty Rapacki</PartyName><Identifiers><Identifier>1000020859156</Identifier><Scope>TEL</Scope></Identifiers><Identifiers><Identifier>1000020888089</Identifier><Scope>TEL</Scope></Identifiers><LifePeriod><Start><Time>-3313440000000</Time><Granularity>YEAR</Granularity><Uncertain>false</Uncertain></Start><End><Time>-852080400000</Time><Granularity>YEAR</Granularity><Uncertain>false</Uncertain></End></LifePeriod><FirstNames>Wincenty</FirstNames><Surname>Rapacki</Surname></PersonObject><LinkObject FieldSource="TEL" LinkTarget="CATALOGUE_RECORD" OrderIndex="50"><Url>http://alpha.bn.org.pl/record=b1151717*pol</Url><LinkStatus>NOT_CHECKED</LinkStatus></LinkObject></MetadataRecord>
<MetadataRecord xmlns="http://theeuropeanlibrary.org/internal_object_model" ID="2000048755356"><BibliographicLevelObject OrderIndex="38">MONOGRAPH</BibliographicLevelObject><CatalogingFormObject OrderIndex="37">ISBD</CatalogingFormObject><TitleObject OrderIndex="42" TitleType="MAIN"><Title>Szkice geologiczne</Title></TitleObject><IdentifierObject IdentifierType="LOCAL_IDENTIFIER" OrderIndex="29"><Identifier>b11517372</Identifier></IdentifierObject><IdentifierObject IdentifierType="OAIPMH" OrderIndex="31"><Identifier>urn:theeuropeanlibrary.org:a0232:b11517372</Identifier></IdentifierObject><IdentifierObject IdentifierType="LOCAL_IDENTIFIER" OrderIndex="40"><Identifier>b11517372</Identifier><Scope>a0232</Scope></IdentifierObject><IdentifierObject ContextLevel="CONTENT" FieldSource="TEL" KnowledgeOrganizationSystem="TEL" OrderIndex="57"><Identifier>1000000085663</Identifier><Scope>TEL</Scope></IdentifierObject><IdentifierObject ContextLevel="CONTENT" FieldSource="TEL" KnowledgeOrganizationSystem="TEL" OrderIndex="58"><Identifier>1000000324074</Identifier><Scope>TEL</Scope></IdentifierObject><IdentifierObject ContextLevel="RECORD" FieldSource="TEL" OrderIndex="59" PartyIdentifierType="TEL"><Identifier>1000015653243</Identifier><Scope>TEL</Scope></IdentifierObject><IdentifierObject ContextLevel="RECORD" FieldSource="TEL" OrderIndex="60" PartyIdentifierType="TEL"><Identifier>1000013611686</Identifier><Scope>TEL</Scope></IdentifierObject><IdentifierObject ContextLevel="RECORD" FieldSource="TEL" OrderIndex="61" SpatialIdentifierType="TEL"><Identifier>1000001587202</Identifier><Scope>TEL</Scope></IdentifierObject><IllustrationsObject OrderIndex="36">NO_ILLUSTRATIONS</IllustrationsObject><SpatialEntityObject OrderIndex="48" SpatialRelation="PUBLICATION"><Identifiers><Identifier>PL</Identifier><Scope>ISO3166</Scope></Identifiers></SpatialEntityObject><NamedPlaceObject OrderIndex="46" SpatialRelation="PUBLICATION"><Identifiers><Identifier>1000001587202</Identifier><Scope>TEL</Scope></Identifiers><PlaceName>Warszawa</PlaceName></NamedPlaceObject><PrintTypeObject OrderIndex="35">PRINTED</PrintTypeObject><ProvenanceObject OrderIndex="32"><CollectionId>a0232</CollectionId><ProviderId>P01214</ProviderId></ProvenanceObject><StatusObject OrderIndex="28">UPDATED</StatusObject><TextObject OrderIndex="51" TextRelation="EXTENT"><Content>S. 219-236 ;</Content></TextObject><TextObject OrderIndex="52" TextRelation="EXTENT"><Content>18 cm.</Content></TextObject><TextObject NoteType="GENERAL" OrderIndex="53" TextRelation="NOTE"><Content>Aut. pod tekstem.</Content></TextObject><TextObject NoteType="GENERAL" OrderIndex="54" TextRelation="NOTE"><Content>Wyc.: Noworocznik. Kalendarz. Ilustrowany dla Polek na rok 1862.</Content></TextObject><TextObject NoteType="GENERAL" OrderIndex="55" TextRelation="NOTE"><Content>Opis wg nagł.</Content></TextObject><OrganizationObject OrderIndex="47" PartyRelation="PUBLISHER"><PartyName>s. n.</PartyName></OrganizationObject><LanguageObject LanguageRelation="LANGUAGE_OF_CONTENT" OrderIndex="45">POL</LanguageObject><ResourceTypeObject OrderIndex="34">TEXT</ResourceTypeObject><TopicObject OrderIndex="49"><TopicName>Geologia</TopicName><Identifiers><Identifier>1000000085663</Identifier><Scope>TEL</Scope></Identifiers><Identifiers><Identifier>1000000324074</Identifier><Scope>TEL</Scope></Identifiers></TopicObject><TopicObject OrderIndex="50"><TopicName>Wydawnictwa popularne</TopicName></TopicObject><AudienceObject OrderIndex="39">UNKNOW</AudienceObject><InstantObject OrderIndex="30" TemporalRelation="OP_LOADED"><Time>1358942912000</Time><Granularity>SECOND</Granularity><Uncertain>false</Uncertain></InstantObject><InstantObject OrderIndex="44" TemporalRelation="PUBLICATION"><Time>-3408134400000</Time><Granularity>YEAR</Granularity><Uncertain>false</Uncertain></InstantObject><MetadataObject FieldSource="PROVIDER" Format="marc21" OrderIndex="33"><record xmlns="info:lc/xmlns/marcxchange-v1"><leader>00932nam a2200277 i 4500</leader><controlfield tag="001">b11517372</controlfield><controlfield tag="008">981002s1862    pl           |000 0 pol  </controlfield><datafield ind1=" " ind2=" " tag="040"><subfield code="a">WA N</subfield><subfield code="c">WA N</subfield></datafield><datafield ind1="1" ind2=" " tag="100"><subfield code="a">Anczyc, Władysław Ludwik</subfield><subfield code="d">(1823-1883).</subfield></datafield><datafield ind1="1" ind2="0" tag="245"><subfield code="a">Szkice geologiczne /</subfield><subfield code="c">[Wł. Anczyc].</subfield></datafield><datafield ind1=" " ind2=" " tag="260"><subfield code="a">[Warszawa :</subfield><subfield code="b">s. n.],</subfield><subfield code="c">[1862]</subfield><subfield code="e">([s. l. : :</subfield><subfield code="f">s. n.]).</subfield></datafield><datafield ind1=" " ind2=" " tag="300"><subfield code="a">S. 219-236 ;</subfield><subfield code="c">18 cm.</subfield></datafield><datafield ind1=" " ind2=" " tag="500"><subfield code="a">Aut. pod tekstem.</subfield></datafield><datafield ind1=" " ind2=" " tag="500"><subfield code="a">Wyc.: Noworocznik. Kalendarz. Ilustrowany dla Polek na rok 1862.</subfield></datafield><datafield ind1=" " ind2=" " tag="500"><subfield code="a">Opis wg nagł.</subfield></datafield><datafield ind1=" " ind2="4" tag="650"><subfield code="a">Geologia</subfield></datafield><datafield ind1=" " ind2="4" tag="655"><subfield code="a">Wydawnictwa popularne</subfield></datafield><datafield ind1="4" ind2="1" tag="856"><subfield code="u">http://www.polona.pl/dlibra/doccontent2?id=5189</subfield><subfield code="z">Reprodukcja cyfrowa w cBN Polona</subfield></datafield><datafield ind1=" " ind2=" " tag="902"><subfield code="a">121211</subfield><subfield code="c">981005</subfield><subfield code="d">m</subfield><subfield code="e">a</subfield><subfield code="f">-</subfield><subfield code="g">0</subfield></datafield><datafield ind1=" " ind2=" " tag="907"><subfield code="b">multi</subfield><subfield code="c">-</subfield></datafield><datafield ind1=" " ind2=" " tag="960"><subfield code="c">zdj  </subfield><subfield code="i">Z 0,00</subfield><subfield code="l">-</subfield><subfield code="o">24</subfield></datafield><datafield ind1=" " ind2=" " tag="960"><subfield code="a">I 2.049.075</subfield><subfield code="c">bk   </subfield><subfield code="d">30001006320353</subfield><subfield code="h">Kras. 34868</subfield><subfield code="i">Z 150,00</subfield><subfield code="l">-</subfield><subfield code="o">1</subfield></datafield><datafield ind1=" " ind2=" " tag="996"><subfield code="a">.b11517372</subfield></datafield><datafield ind1=" " ind2=" " tag="998"><subfield code="a">ik</subfield><subfield code="a">o</subfield></datafield><datafield ind1=" " ind2=" " tag="999"><subfield code="a">as</subfield><subfield code="b">zb</subfield><subfield code="b">bm</subfield></datafield><datafield ind1=" " ind2=" " tag="999"><subfield code="a">haba</subfield></datafield></record>