</MetadataObject><PersonObject OrderIndex="43" PartyRelation="CREATOR"><PartyName>Władysław Ludwik Anczyc</PartyName><Identifiers><Identifier>1000013611686</Identifier><Scope>TEL</Scope></Identifiers><Identifiers><Identifier>1000015653243</Identifier><Scope>TEL</Scope></Identifiers><LifePeriod><Start><Time>-4638902400000</Time><Granularity>YEAR</Granularity><Uncertain>false</Uncertain></Start><End><Time>-2745446400000</Time><Granularity>YEAR</Granularity><Uncertain>false</Uncertain></End></LifePeriod><FirstNames>Władysław Ludwik</FirstNames><Surname>Anczyc</Surname></PersonObject><LinkObject LinkTarget="DIGITAL_OBJECT" OrderIndex="41"><Url>http://www.polona.pl/dlibra/doccontent2?id=5189</Url><LinkStatus>NOT_CHECKED</LinkStatus></LinkObject><LinkObject FieldSource="TEL" LinkTarget="CATALOGUE_RECORD" OrderIndex="56"><Url>http://alpha.bn.org.pl/record=b1151737*pol</Url><LinkStatus>NOT_CHECKED</LinkStatus></LinkObject></MetadataRecord>
<MetadataRecord xmlns="http://theeuropeanlibrary.org/internal_object_model" ID="2000048755345"><BibliographicLevelObject OrderIndex="34">MONOGRAPH</BibliographicLevelObject><CatalogingFormObject OrderIndex="33">ISBD</CatalogingFormObject><TitleObject OrderIndex="37" TitleType="MAIN"><Title>Na misje!</Title></TitleObject><IdentifierObject IdentifierType="LOCAL_IDENTIFIER" OrderIndex="25"><Identifier>b11517268</Identifier></IdentifierObject><IdentifierObject IdentifierType="OAIPMH" OrderIndex="27"><Identifier>urn:theeuropeanlibrary.org:a0232:b11517268</Identifier></IdentifierObject><IdentifierObject IdentifierType="LOCAL_IDENTIFIER" OrderIndex="36"><Identifier>b11517268</Identifier><Scope>a0232</Scope></IdentifierObject><IdentifierObject ContextLevel="RECORD" FieldSource="TEL" OrderIndex="49" SpatialIdentifierType="TEL"><Identifier>1000006258285</Identifier><Scope>TEL</Scope></IdentifierObject><IdentifierObject ContextLevel="RECORD" FieldSource="TEL" OrderIndex="50" SpatialIdentifierType="TEL"><Identifier>1000001587202</Identifier><Scope>TEL</Scope></IdentifierObject><IllustrationsObject OrderIndex="32">NO_ILLUSTRATIONS</IllustrationsObject><SpatialEntityObject OrderIndex="44" SpatialRelation="PUBLICATION"><Identifiers><Identifier>PL</Identifier><Scope>ISO3166</Scope></Identifiers></SpatialEntityObject><NamedPlaceObject OrderIndex="41" SpatialRelation="PUBLICATION"><Identifiers><Identifier>1000006258285</Identifier><Scope>TEL</Scope></Identifiers><PlaceName>Płock ;</PlaceName></NamedPlaceObject><NamedPlaceObject OrderIndex="42" SpatialRelation="PUBLICATION"><Identifiers><Identifier>1000001587202</Identifier><Scope>TEL</Scope></Identifiers><PlaceName>Warszawa</PlaceName></NamedPlaceObject><PrintTypeObject OrderIndex="31">PRINTED</PrintTypeObject><ProvenanceObject OrderIndex="28"><CollectionId>a0232</CollectionId><ProviderId>P01214</ProviderId></ProvenanceObject><StatusObject OrderIndex="24">UPDATED</StatusObject><TextObject OrderIndex="46" TextRelation="EXTENT"><Content>16 s. ;</Content></TextObject><TextObject OrderIndex="47" TextRelation="EXTENT"><Content>17 cm.</Content></TextObject><OrganizationObject OrderIndex="43" PartyRelation="PUBLISHER"><PartyName>s. n.</PartyName></OrganizationObject><LanguageObject LanguageRelation="LANGUAGE_OF_CONTENT" OrderIndex="40">POL</LanguageObject><ResourceTypeObject OrderIndex="30">TEXT</ResourceTypeObject><TopicObject OrderIndex="45"><GeneralSubdivision>katolicyzm</GeneralSubdivision><TopicName>Misje</TopicName></TopicObject><AudienceObject OrderIndex="35">UNKNOW</AudienceObject><InstantObject OrderIndex="26" TemporalRelation="OP_LOADED"><Time>1358943205000</Time><Granularity>SECOND</Granularity><Uncertain>false</Uncertain></InstantObject><InstantObject OrderIndex="39" TemporalRelation="PUBLICATION"><Time>-1356998400000</Time><Granularity>YEAR</Granularity><Uncertain>false</Uncertain></InstantObject><MetadataObject FieldSource="PROVIDER" Format="marc21" OrderIndex="29"><record xmlns="info:lc/xmlns/marcxchange-v1"><leader>00768nam a2200241 i 4500</leader><controlfield tag="001">b11517268</controlfield><controlfield tag="008">981002s1927    pl           |000 0 pol  </controlfield><datafield ind1=" " ind2=" " tag="040"><subfield code="a">WA N</subfield><subfield code="c">WA N</subfield></datafield><datafield ind1="1" ind2=" " tag="100"><subfield code="a">Pęski, Adam.</subfield></datafield><datafield ind1="1" ind2="0" tag="245"><subfield code="a">Na misje! /</subfield><subfield code="c">Adam Pęski.</subfield></datafield><datafield ind1=" " ind2=" " tag="260"><subfield code="a">Płock ;</subfield><subfield code="a">Warszawa :</subfield><subfield code="b">[s. n.],</subfield><subfield code="c">1927</subfield><subfield code="e">(Płock :</subfield><subfield code="f">Płockie Zakł. Graf.</subfield><subfield code="e">Warszawa</subfield><subfield code="f">Druk. Społeczna).</subfield></datafield><datafield ind1=" " ind2=" " tag="300"><subfield code="a">16 s. ;</subfield><subfield code="c">17 cm.</subfield></datafield><datafield ind1="1" ind2=" " tag="490"><subfield code="a">"Dobra Prasa". Serja M ;</subfield><subfield code="v">no 1</subfield></datafield><datafield ind1=" " ind2="4" tag="650"><subfield code="a">Misje</subfield><subfield code="x">katolicyzm</subfield></datafield><datafield ind1=" " ind2="0" tag="830"><subfield code="a">"Dobra Prasa".</subfield><subfield code="n">Seria M ;</subfield><subfield code="v">nr 1</subfield></datafield><datafield ind1=" " ind2=" " tag="902"><subfield code="a">121211</subfield><subfield code="c">981005</subfield><subfield code="d">m</subfield><subfield code="e">a</subfield><subfield code="f">-</subfield><subfield code="g">0</subfield></datafield><datafield ind1=" " ind2=" " tag="907"><subfield code="b">bk   </subfield><subfield code="c">-</subfield></datafield><datafield ind1=" " ind2=" " tag="960"><subfield code="a">I 540.846/m-1</subfield><subfield code="c">bk   </subfield><subfield code="h">st. z.</subfield><subfield code="i">Z 0,00</subfield><subfield code="l">-</subfield><subfield code="o">1</subfield></datafield><datafield ind1=" " ind2=" " tag="960"><subfield code="a">I 2.074.654 A</subfield><subfield code="c">bk   </subfield><subfield code="h">Kras. 87574</subfield><subfield code="i">Z 150,00</subfield><subfield code="l">-</subfield><subfield code="o">0</subfield></datafield><datafield ind1=" " ind2=" " tag="996"><subfield code="a">.b11517268</subfield></datafield><datafield ind1=" " ind2=" " tag="998"><subfield code="a">ik</subfield><subfield code="a">o</subfield></datafield><datafield ind1=" " ind2=" " tag="999"><subfield code="a">as</subfield><subfield code="b">zb</subfield><subfield code="b">ae</subfield></datafield><datafield ind1=" " ind2=" " tag="999"><subfield code="a">anku</subfield></datafield></record>