</MetadataObject><PersonObject OrderIndex="38" PartyRelation="CREATOR"><PartyName>Adam. Pęski</PartyName><FirstNames>Adam.</FirstNames><Surname>Pęski</Surname></PersonObject><LinkObject FieldSource="TEL" LinkTarget="CATALOGUE_RECORD" OrderIndex="48"><Url>http://alpha.bn.org.pl/record=b1151726*pol</Url><LinkStatus>NOT_CHECKED</LinkStatus></LinkObject></MetadataRecord>
<MetadataRecord xmlns="http://theeuropeanlibrary.org/internal_object_model" ID="2000048755431"><BibliographicLevelObject OrderIndex="36">MONOGRAPH</BibliographicLevelObject><CatalogingFormObject OrderIndex="35">ISBD</CatalogingFormObject><TitleObject OrderIndex="40" TitleType="MAIN"><Title>Des engrais</Title><SubTitle>theorie actuelle de leur action sur les plantes : principaux moyens d'en obtenir le plus d'effet utile</SubTitle></TitleObject><IdentifierObject IdentifierType="LOCAL_IDENTIFIER" OrderIndex="27"><Identifier>b11518133</Identifier></IdentifierObject><IdentifierObject IdentifierType="OAIPMH" OrderIndex="29"><Identifier>urn:theeuropeanlibrary.org:a0232:b11518133</Identifier></IdentifierObject><IdentifierObject IdentifierType="LOCAL_IDENTIFIER" OrderIndex="38"><Identifier>b11518133</Identifier><Scope>a0232</Scope></IdentifierObject><IdentifierObject ContextLevel="RECORD" FieldSource="TEL" OrderIndex="53" PartyIdentifierType="TEL"><Identifier>1000002700542</Identifier><Scope>TEL</Scope></IdentifierObject><IdentifierObject ContextLevel="RECORD" FieldSource="TEL" OrderIndex="54" PartyIdentifierType="TEL"><Identifier>1000017191414</Identifier><Scope>TEL</Scope></IdentifierObject><IdentifierObject ContextLevel="RECORD" FieldSource="TEL" OrderIndex="55" SpatialIdentifierType="TEL"><Identifier>1000006057437</Identifier><Scope>TEL</Scope></IdentifierObject><IllustrationsObject OrderIndex="34">NO_ILLUSTRATIONS</IllustrationsObject><SpatialEntityObject OrderIndex="46" SpatialRelation="PUBLICATION"><Identifiers><Identifier>FR</Identifier><Scope>ISO3166</Scope></Identifiers></SpatialEntityObject><NamedPlaceObject OrderIndex="44" SpatialRelation="PUBLICATION"><Identifiers><Identifier>1000006057437</Identifier><Scope>TEL</Scope></Identifiers><PlaceName>Paris</PlaceName></NamedPlaceObject><PrintTypeObject OrderIndex="33">PRINTED</PrintTypeObject><ProvenanceObject OrderIndex="30"><CollectionId>a0232</CollectionId><ProviderId>P01214</ProviderId></ProvenanceObject><StatusObject OrderIndex="26">UPDATED</StatusObject><TextObject OrderIndex="39" TextRelation="STATEMENT_OF_RESPONSIBILITY"><Content>par Payen.</Content></TextObject><TextObject OrderIndex="49" TextRelation="EXTENT"><Content>44 s. ;</Content></TextObject><TextObject OrderIndex="50" TextRelation="EXTENT"><Content>19 cm.</Content></TextObject><TextObject NoteType="GENERAL" OrderIndex="51" TextRelation="NOTE"><Content>Extr. du Bon Jardinier 1839.</Content></TextObject><OrganizationObject OrderIndex="45" PartyRelation="PUBLISHER"><PartyName>Audot</PartyName></OrganizationObject><LanguageObject LanguageRelation="LANGUAGE_OF_CONTENT" OrderIndex="43">FRE</LanguageObject><ResourceTypeObject OrderIndex="32">TEXT</ResourceTypeObject><TopicObject OrderIndex="47"><TopicName>Nawożenie</TopicName></TopicObject><TopicObject OrderIndex="48"><TopicName>Podręczniki</TopicName></TopicObject><AudienceObject OrderIndex="37">UNKNOW</AudienceObject><InstantObject OrderIndex="28" TemporalRelation="OP_LOADED"><Time>1358943205000</Time><Granularity>SECOND</Granularity><Uncertain>false</Uncertain></InstantObject><InstantObject OrderIndex="42" TemporalRelation="PUBLICATION"><Time>-4133980800000</Time><Granularity>YEAR</Granularity><Uncertain>false</Uncertain></InstantObject><MetadataObject FieldSource="PROVIDER" Format="marc21" OrderIndex="31"><record xmlns="info:lc/xmlns/marcxchange-v1"><leader>00725nam a2200229 i 4500</leader><controlfield tag="001">b11518133</controlfield><controlfield tag="008">981002s1839    fr           |000 0 fre  </controlfield><datafield ind1=" " ind2=" " tag="040"><subfield code="a">WA N</subfield><subfield code="c">WA N</subfield></datafield><datafield ind1="1" ind2=" " tag="100"><subfield code="a">Payen, Anselme.</subfield></datafield><datafield ind1="1" ind2="4" tag="245"><subfield code="a">Des engrais :</subfield><subfield code="b">theorie actuelle de leur action sur les plantes : principaux moyens d'en obtenir le plus d'effet utile /</subfield><subfield code="c">par Payen.</subfield></datafield><datafield ind1=" " ind2=" " tag="260"><subfield code="a">Paris :</subfield><subfield code="b">Audot,</subfield><subfield code="c">1839.</subfield></datafield><datafield ind1=" " ind2=" " tag="300"><subfield code="a">44 s. ;</subfield><subfield code="c">19 cm.</subfield></datafield><datafield ind1=" " ind2=" " tag="500"><subfield code="a">Extr. du Bon Jardinier 1839.</subfield></datafield><datafield ind1=" " ind2="4" tag="650"><subfield code="a">Nawożenie</subfield></datafield><datafield ind1=" " ind2="4" tag="655"><subfield code="a">Podręczniki</subfield></datafield><datafield ind1=" " ind2=" " tag="902"><subfield code="a">121211</subfield><subfield code="c">981005</subfield><subfield code="d">m</subfield><subfield code="e">a</subfield><subfield code="f">-</subfield><subfield code="g">0</subfield></datafield><datafield ind1=" " ind2=" " tag="907"><subfield code="b">bk   </subfield><subfield code="c">-</subfield></datafield><datafield ind1=" " ind2=" " tag="960"><subfield code="a">I 2.049.112</subfield><subfield code="c">bk   </subfield><subfield code="d">30001012387142</subfield><subfield code="h">Kras. 37844</subfield><subfield code="i">Z 150,00</subfield><subfield code="l">-</subfield><subfield code="o">1</subfield></datafield><datafield ind1=" " ind2=" " tag="996"><subfield code="a">.b11518133</subfield></datafield><datafield ind1=" " ind2=" " tag="998"><subfield code="a">ik</subfield><subfield code="a">o</subfield></datafield><datafield ind1=" " ind2=" " tag="999"><subfield code="a">as</subfield><subfield code="b">zb</subfield><subfield code="b">bm</subfield></datafield><datafield ind1=" " ind2=" " tag="999"><subfield code="a">piju</subfield></datafield></record>