</MetadataObject><PersonObject OrderIndex="41" PartyRelation="CREATOR"><PartyName>Anselme. Payen</PartyName><Identifiers><Identifier>1000002700542</Identifier><Scope>TEL</Scope></Identifiers><Identifiers><Identifier>1000017191414</Identifier><Scope>TEL</Scope></Identifiers><FirstNames>Anselme.</FirstNames><Surname>Payen</Surname></PersonObject><LinkObject FieldSource="TEL" LinkTarget="CATALOGUE_RECORD" OrderIndex="52"><Url>http://alpha.bn.org.pl/record=b1151813*pol</Url><LinkStatus>NOT_CHECKED</LinkStatus></LinkObject></MetadataRecord>
<MetadataRecord xmlns="http://theeuropeanlibrary.org/internal_object_model" ID="2000048755447"><BibliographicLevelObject OrderIndex="35">MONOGRAPH</BibliographicLevelObject><CatalogingFormObject OrderIndex="34">ISBD</CatalogingFormObject><TitleObject OrderIndex="38" TitleType="MAIN"><Title>Zadania praktyczne rewolucji w zaborze rosyjskim</Title></TitleObject><IdentifierObject IdentifierType="LOCAL_IDENTIFIER" OrderIndex="26"><Identifier>b11518297</Identifier></IdentifierObject><IdentifierObject IdentifierType="OAIPMH" OrderIndex="28"><Identifier>urn:theeuropeanlibrary.org:a0232:b11518297</Identifier></IdentifierObject><IdentifierObject IdentifierType="LOCAL_IDENTIFIER" OrderIndex="37"><Identifier>b11518297</Identifier><Scope>a0232</Scope></IdentifierObject><IdentifierObject ContextLevel="RECORD" FieldSource="TEL" OrderIndex="51" SpatialIdentifierType="TEL"><Identifier>1000001587202</Identifier><Scope>TEL</Scope></IdentifierObject><IllustrationsObject OrderIndex="33">NO_ILLUSTRATIONS</IllustrationsObject><SpatialEntityObject OrderIndex="44" SpatialRelation="PUBLICATION"><Identifiers><Identifier>PL</Identifier><Scope>ISO3166</Scope></Identifiers></SpatialEntityObject><NamedPlaceObject OrderIndex="42" SpatialRelation="PUBLICATION"><Identifiers><Identifier>1000001587202</Identifier><Scope>TEL</Scope></Identifiers><PlaceName>Warszawa</PlaceName></NamedPlaceObject><NamedPlaceObject OrderIndex="47" SpatialRelation="SUBJECT"><PlaceName>Zabór rosyjski</PlaceName><Subject><GeneralSubdivision>historia</GeneralSubdivision></Subject></NamedPlaceObject><PrintTypeObject OrderIndex="32">PRINTED</PrintTypeObject><ProvenanceObject OrderIndex="29"><CollectionId>a0232</CollectionId><ProviderId>P01214</ProviderId></ProvenanceObject><StatusObject OrderIndex="25">UPDATED</StatusObject><TextObject OrderIndex="48" TextRelation="EXTENT"><Content>28 s. ;</Content></TextObject><TextObject OrderIndex="49" TextRelation="EXTENT"><Content>15 cm.</Content></TextObject><OrganizationObject OrderIndex="43" PartyRelation="PUBLISHER"><PartyName>"Życie"</PartyName></OrganizationObject><OrganizationObject OrderIndex="45" PartyRelation="SUBJECT"><PartyName>Polska Partia Socjalistyczna (1892-1948)</PartyName><Subject><GeneralSubdivision>ideologia</GeneralSubdivision></Subject></OrganizationObject><LanguageObject LanguageRelation="LANGUAGE_OF_CONTENT" OrderIndex="41">POL</LanguageObject><ResourceTypeObject OrderIndex="31">TEXT</ResourceTypeObject><TopicObject OrderIndex="46"><TopicName>Rewolucja</TopicName></TopicObject><AudienceObject OrderIndex="36">UNKNOW</AudienceObject><InstantObject OrderIndex="27" TemporalRelation="OP_LOADED"><Time>1358942912000</Time><Granularity>SECOND</Granularity><Uncertain>false</Uncertain></InstantObject><InstantObject OrderIndex="40" TemporalRelation="PUBLICATION"><Time>-1893456000000</Time><Granularity>YEAR</Granularity><Uncertain>false</Uncertain></InstantObject><MetadataObject FieldSource="PROVIDER" Format="marc21" OrderIndex="30"><record xmlns="info:lc/xmlns/marcxchange-v1"><leader>00925nam a2200253 i 4500</leader><controlfield tag="001">b11518297</controlfield><controlfield tag="008">981002s1910    pl           |000 0 pol  </controlfield><datafield ind1=" " ind2=" " tag="040"><subfield code="a">WA N</subfield><subfield code="c">WA N</subfield></datafield><datafield ind1="1" ind2=" " tag="100"><subfield code="a">Piłsudski, Józef</subfield><subfield code="d">(1867-1935).</subfield></datafield><datafield ind1="1" ind2="0" tag="245"><subfield code="a">Zadania praktyczne rewolucji w zaborze rosyjskim /</subfield><subfield code="c">napisał Z. Mieczysławski [pseud.].</subfield></datafield><datafield ind1=" " ind2=" " tag="260"><subfield code="a">Warszawa :</subfield><subfield code="b">"Życie",</subfield><subfield code="c">1910</subfield><subfield code="e">(Kraków :</subfield><subfield code="f">Druk. Ludowa).</subfield></datafield><datafield ind1=" " ind2=" " tag="300"><subfield code="a">28 s. ;</subfield><subfield code="c">15 cm.</subfield></datafield><datafield ind1="1" ind2=" " tag="490"><subfield code="a">Bibljoteczka Popularna "Życia" ;</subfield><subfield code="v">ks. 14</subfield></datafield><datafield ind1="2" ind2="4" tag="610"><subfield code="a">Polska Partia Socjalistyczna (1892-1948)</subfield><subfield code="x">ideologia</subfield></datafield><datafield ind1=" " ind2="4" tag="650"><subfield code="a">Rewolucja</subfield></datafield><datafield ind1=" " ind2="4" tag="651"><subfield code="a">Zabór rosyjski</subfield><subfield code="x">historia</subfield></datafield><datafield ind1=" " ind2="0" tag="830"><subfield code="a">Biblioteczka Popularna ”Życia“ ;</subfield><subfield code="v">ks. 14</subfield></datafield><datafield ind1=" " ind2=" " tag="902"><subfield code="a">121211</subfield><subfield code="c">981005</subfield><subfield code="d">m</subfield><subfield code="e">a</subfield><subfield code="f">-</subfield><subfield code="g">0</subfield></datafield><datafield ind1=" " ind2=" " tag="907"><subfield code="b">bk   </subfield><subfield code="c">-</subfield></datafield><datafield ind1=" " ind2=" " tag="960"><subfield code="a">I 2.049.180</subfield><subfield code="c">bk   </subfield><subfield code="h">Kras. 43823</subfield><subfield code="i">Z 150,00</subfield><subfield code="l">-</subfield><subfield code="o">1</subfield></datafield><datafield ind1=" " ind2=" " tag="960"><subfield code="a">I 52.160 A</subfield><subfield code="c">bk   </subfield><subfield code="d">30001002129551</subfield><subfield code="h">I AK 1693</subfield><subfield code="i">Z 0,00</subfield><subfield code="l">-</subfield><subfield code="o">0</subfield></datafield><datafield ind1=" " ind2=" " tag="996"><subfield code="a">.b11518297</subfield></datafield><datafield ind1=" " ind2=" " tag="998"><subfield code="a">ik</subfield><subfield code="a">o</subfield></datafield><datafield ind1=" " ind2=" " tag="999"><subfield code="a">as</subfield><subfield code="b">zb</subfield><subfield code="b">bm</subfield></datafield></record>