</MetadataObject><PersonObject OrderIndex="39" PartyRelation="CREATOR"><PartyName>Józef Piłsudski</PartyName><LifePeriod><Start><Time>-3250368000000</Time><Granularity>YEAR</Granularity><Uncertain>false</Uncertain></Start><End><Time>-1104537600000</Time><Granularity>YEAR</Granularity><Uncertain>false</Uncertain></End></LifePeriod><FirstNames>Józef</FirstNames><Surname>Piłsudski</Surname></PersonObject><LinkObject FieldSource="TEL" LinkTarget="CATALOGUE_RECORD" OrderIndex="50"><Url>http://alpha.bn.org.pl/record=b1151829*pol</Url><LinkStatus>NOT_CHECKED</LinkStatus></LinkObject></MetadataRecord>
<MetadataRecord xmlns="http://theeuropeanlibrary.org/internal_object_model" ID="2000048755401"><BibliographicLevelObject OrderIndex="39">MONOGRAPH</BibliographicLevelObject><CatalogingFormObject OrderIndex="38">ISBD</CatalogingFormObject><TitleObject OrderIndex="44" TitleType="MAIN"><Title>Lengyel irodalmi kalauz</Title><SubTitle>a kezdetektöl 1989-ig</SubTitle></TitleObject><IdentifierObject IdentifierType="LOCAL_IDENTIFIER" OrderIndex="30"><Identifier>b11517827</Identifier></IdentifierObject><IdentifierObject IdentifierType="OAIPMH" OrderIndex="32"><Identifier>urn:theeuropeanlibrary.org:a0232:b11517827</Identifier></IdentifierObject><IdentifierObject IdentifierType="LOCAL_IDENTIFIER" OrderIndex="41"><Identifier>b11517827</Identifier><Scope>a0232</Scope></IdentifierObject><IdentifierObject IdentifierType="ISBN" OrderIndex="42"><Identifier>9638277769</Identifier></IdentifierObject><IdentifierObject ContextLevel="RECORD" FieldSource="TEL" OrderIndex="59" SpatialIdentifierType="TEL"><Identifier>1000006189649</Identifier><Scope>TEL</Scope></IdentifierObject><IllustrationsObject OrderIndex="37">NO_ILLUSTRATIONS</IllustrationsObject><SpatialEntityObject OrderIndex="52" SpatialRelation="PUBLICATION"><Identifiers><Identifier>HU</Identifier><Scope>ISO3166</Scope></Identifiers></SpatialEntityObject><NamedPlaceObject OrderIndex="50" SpatialRelation="PUBLICATION"><Identifiers><Identifier>1000006189649</Identifier><Scope>TEL</Scope></Identifiers><PlaceName>Budapest</PlaceName></NamedPlaceObject><PrintTypeObject OrderIndex="36">PRINTED</PrintTypeObject><ProvenanceObject OrderIndex="33"><CollectionId>a0232</CollectionId><ProviderId>P01214</ProviderId></ProvenanceObject><StatusObject OrderIndex="29">UPDATED</StatusObject><TextObject OrderIndex="43" TextRelation="STATEMENT_OF_RESPONSIBILITY"><Content>D. Molnár István ; [lektorálta Jan Ślaski ; szerk. Bay Ágota].</Content></TextObject><TextObject OrderIndex="54" TextRelation="EXTENT"><Content>438, [1] . ;</Content></TextObject><TextObject OrderIndex="55" TextRelation="EXTENT"><Content>20 cm.</Content></TextObject><TextObject NoteType="GENERAL" OrderIndex="56" TextRelation="NOTE"><Content>Tł. tyt.: Przewodnik po literaturze polskiej do 1989 r.</Content></TextObject><TextObject OrderIndex="57" TextRelation="DESCRIPTION"><Content>Bibliogr. s. 405-417. - Indeks.</Content></TextObject><OrganizationObject OrderIndex="51" PartyRelation="PUBLISHER"><PartyName>Széphalom könyvmühely</PartyName></OrganizationObject><LanguageObject LanguageRelation="LANGUAGE_OF_CONTENT" OrderIndex="49">HUN</LanguageObject><ResourceTypeObject OrderIndex="35">TEXT</ResourceTypeObject><TopicObject OrderIndex="53"><GeneralSubdivision>historia</GeneralSubdivision><TopicName>Literatura polska</TopicName></TopicObject><AudienceObject OrderIndex="40">UNKNOW</AudienceObject><InstantObject OrderIndex="31" TemporalRelation="OP_LOADED"><Time>1358943205000</Time><Granularity>SECOND</Granularity><Uncertain>false</Uncertain></InstantObject><InstantObject OrderIndex="48" TemporalRelation="PUBLICATION"><Time>852076800000</Time><Granularity>YEAR</Granularity><Uncertain>false</Uncertain></InstantObject><MetadataObject FieldSource="PROVIDER" Format="marc21" OrderIndex="34"><record xmlns="info:lc/xmlns/marcxchange-v1"><leader>01099nam a2200301 i 4500</leader><controlfield tag="001">b11517827</controlfield><controlfield tag="008">981002s1997    hu           |001 0 hun  </controlfield><datafield ind1=" " ind2=" " tag="020"><subfield code="a">9638277769</subfield></datafield><datafield ind1=" " ind2=" " tag="040"><subfield code="a">WA N</subfield><subfield code="c">WA N</subfield></datafield><datafield ind1="1" ind2=" " tag="100"><subfield code="a">Molnár, István D.</subfield><subfield code="d">(1941- ).</subfield></datafield><datafield ind1="1" ind2="0" tag="245"><subfield code="a">Lengyel irodalmi kalauz :</subfield><subfield code="b">a kezdetektöl 1989-ig /</subfield><subfield code="c">D. Molnár István ; [lektorálta Jan Ślaski ; szerk. Bay Ágota].</subfield></datafield><datafield ind1=" " ind2=" " tag="260"><subfield code="a">Budapest :</subfield><subfield code="b">Széphalom könyvmühely,</subfield><subfield code="c">cop. 1997.</subfield></datafield><datafield ind1=" " ind2=" " tag="300"><subfield code="a">438, [1] . ;</subfield><subfield code="c">20 cm.</subfield></datafield><datafield ind1=" " ind2=" " tag="500"><subfield code="a">Tł. tyt.: Przewodnik po literaturze polskiej do 1989 r.</subfield></datafield><datafield ind1=" " ind2=" " tag="504"><subfield code="a">Bibliogr. s. 405-417. - Indeks.</subfield></datafield><datafield ind1=" " ind2="4" tag="655"><subfield code="a">Literatura polska</subfield><subfield code="x">historia</subfield></datafield><datafield ind1="1" ind2=" " tag="700"><subfield code="a">Ślaski, Jan.</subfield><subfield code="e">Oprac.</subfield></datafield><datafield ind1="1" ind2=" " tag="700"><subfield code="a">Bay, Ágota.</subfield><subfield code="e">Red.</subfield></datafield><datafield ind1=" " ind2=" " tag="902"><subfield code="a">121219</subfield><subfield code="c">981005</subfield><subfield code="d">m</subfield><subfield code="e">a</subfield><subfield code="f">-</subfield><subfield code="g">0</subfield></datafield><datafield ind1=" " ind2=" " tag="907"><subfield code="b">bk   </subfield><subfield code="c">-</subfield></datafield><datafield ind1=" " ind2=" " tag="920"><subfield code="a">963-8277-76-9</subfield></datafield><datafield ind1=" " ind2=" " tag="960"><subfield code="a">I 1.770.409</subfield><subfield code="c">bk   </subfield><subfield code="d">30001009599077</subfield><subfield code="e">1.770.409</subfield><subfield code="h">2001 d 157/24</subfield><subfield code="i">Z 150,00</subfield><subfield code="j">2001.05.31</subfield><subfield code="k">1</subfield><subfield code="l">-</subfield><subfield code="o">1</subfield></datafield><datafield ind1=" " ind2=" " tag="960"><subfield code="a">I 1.881.113 A</subfield><subfield code="c">bk   </subfield><subfield code="e">1.881.113</subfield><subfield code="h">1997 w 494/2</subfield><subfield code="i">Z 60,00</subfield><subfield code="j">1998.10.22</subfield><subfield code="k">1</subfield><subfield code="l">-</subfield><subfield code="o">0</subfield></datafield><datafield ind1=" " ind2=" " tag="996"><subfield code="a">.b11517827</subfield></datafield><datafield ind1=" " ind2=" " tag="998"><subfield code="a">ik</subfield><subfield code="a">o</subfield></datafield><datafield ind1=" " ind2=" " tag="999"><subfield code="a">JB</subfield><subfield code="b">js</subfield></datafield><datafield ind1=" " ind2=" " tag="999"><subfield code="a">zk</subfield><subfield code="b">ał</subfield><subfield code="c">js</subfield></datafield><datafield ind1=" " ind2=" " tag="999"><subfield code="a">resi</subfield></datafield></record>