</MetadataObject><PersonObject OrderIndex="45" PartyRelation="CREATOR"><PartyName>István D. Molnár</PartyName><LifePeriod><Start><Time>-915152400000</Time><Granularity>YEAR</Granularity><Uncertain>false</Uncertain></Start></LifePeriod><FirstNames>István D.</FirstNames><Surname>Molnár</Surname></PersonObject><PersonObject OrderIndex="46" PartyRelation="CONTRIBUTOR"><PartyName>Jan. Ślaski</PartyName><FirstNames>Jan.</FirstNames><Surname>Ślaski</Surname></PersonObject><PersonObject OrderIndex="47" PartyRelation="CONTRIBUTOR"><PartyName>Ágota. Bay</PartyName><FirstNames>Ágota.</FirstNames><Surname>Bay</Surname></PersonObject><LinkObject FieldSource="TEL" LinkTarget="CATALOGUE_RECORD" OrderIndex="58"><Url>http://alpha.bn.org.pl/record=b1151782*pol</Url><LinkStatus>NOT_CHECKED</LinkStatus></LinkObject></MetadataRecord>
<MetadataRecord xmlns="http://theeuropeanlibrary.org/internal_object_model" ID="2000048755419"><BibliographicLevelObject OrderIndex="37">MONOGRAPH</BibliographicLevelObject><CatalogingFormObject OrderIndex="36">ISBD</CatalogingFormObject><TitleObject OrderIndex="41" TitleType="MAIN"><Title>Nieznany dziejopis Polski</Title><SubTitle>notatka bibliograficzna</SubTitle></TitleObject><IdentifierObject IdentifierType="LOCAL_IDENTIFIER" OrderIndex="28"><Identifier>b11518017</Identifier></IdentifierObject><IdentifierObject IdentifierType="OAIPMH" OrderIndex="30"><Identifier>urn:theeuropeanlibrary.org:a0232:b11518017</Identifier></IdentifierObject><IdentifierObject IdentifierType="LOCAL_IDENTIFIER" OrderIndex="39"><Identifier>b11518017</Identifier><Scope>a0232</Scope></IdentifierObject><IdentifierObject ContextLevel="RECORD" FieldSource="TEL" OrderIndex="55" PartyIdentifierType="TEL"><Identifier>1000021610025</Identifier><Scope>TEL</Scope></IdentifierObject><IdentifierObject ContextLevel="RECORD" FieldSource="TEL" OrderIndex="56" SpatialIdentifierType="TEL"><Identifier>1000001069087</Identifier><Scope>TEL</Scope></IdentifierObject><IllustrationsObject OrderIndex="35">NO_ILLUSTRATIONS</IllustrationsObject><SpatialEntityObject OrderIndex="47" SpatialRelation="PUBLICATION"><Identifiers><Identifier>RU</Identifier><Scope>ISO3166</Scope></Identifiers></SpatialEntityObject><NamedPlaceObject OrderIndex="45" SpatialRelation="PUBLICATION"><Identifiers><Identifier>1000001069087</Identifier><Scope>TEL</Scope></Identifiers><PlaceName>Petersburg</PlaceName></NamedPlaceObject><PrintTypeObject OrderIndex="34">PRINTED</PrintTypeObject><ProvenanceObject OrderIndex="31"><CollectionId>a0232</CollectionId><ProviderId>P01214</ProviderId></ProvenanceObject><StatusObject OrderIndex="27">UPDATED</StatusObject><TextObject OrderIndex="40" TextRelation="STATEMENT_OF_RESPONSIBILITY"><Content>[A. Pawiński].</Content></TextObject><TextObject OrderIndex="48" TextRelation="EXTENT"><Content>S. [1], 495-498 ;</Content></TextObject><TextObject OrderIndex="49" TextRelation="EXTENT"><Content>26 cm.</Content></TextObject><TextObject NoteType="GENERAL" OrderIndex="50" TextRelation="NOTE"><Content>Wyc.: Charitas : księga zbiorowa wydana na rzecz r.k. Towarzystwa Dobroczynności przy kościele św. Katarzyny w Petersburgu.</Content></TextObject><TextObject NoteType="GENERAL" OrderIndex="51" TextRelation="NOTE"><Content>Nazwa aut. pod tekstem.</Content></TextObject><TextObject NoteType="GENERAL" OrderIndex="52" TextRelation="NOTE"><Content>Opis wg nagł.</Content></TextObject><TextObject NoteType="EXTERNAL_INDEXES" OrderIndex="53" TextRelation="NOTE"><Content>Estr XIX. 2 wyd. t. 3 s. 75.</Content></TextObject><OrganizationObject OrderIndex="46" PartyRelation="PUBLISHER"><PartyName>K. Grendyszyński</PartyName></OrganizationObject><LanguageObject LanguageRelation="LANGUAGE_OF_CONTENT" OrderIndex="44">POL</LanguageObject><ResourceTypeObject OrderIndex="33">TEXT</ResourceTypeObject><AudienceObject OrderIndex="38">UNKNOW</AudienceObject><InstantObject OrderIndex="29" TemporalRelation="OP_LOADED"><Time>1358942912000</Time><Granularity>SECOND</Granularity><Uncertain>false</Uncertain></InstantObject><InstantObject OrderIndex="43" TemporalRelation="PUBLICATION"><Time>-2398291200000</Time><Granularity>YEAR</Granularity><Uncertain>false</Uncertain></InstantObject><MetadataObject FieldSource="PROVIDER" Format="marc21" OrderIndex="32"><record xmlns="info:lc/xmlns/marcxchange-v1"><leader>00937nam a2200253 i 4500</leader><controlfield tag="001">b11518017</controlfield><controlfield tag="008">981002s1894    ru           |000 0 pol d</controlfield><datafield ind1=" " ind2=" " tag="040"><subfield code="a">WA N</subfield><subfield code="c">WA N</subfield></datafield><datafield ind1="1" ind2=" " tag="100"><subfield code="a">Pawiński, Adolf</subfield><subfield code="d">(1840-1896).</subfield></datafield><datafield ind1="1" ind2="0" tag="245"><subfield code="a">Nieznany dziejopis Polski :</subfield><subfield code="b">notatka bibliograficzna /</subfield><subfield code="c">[A. Pawiński].</subfield></datafield><datafield ind1=" " ind2=" " tag="260"><subfield code="a">[Petersburg :</subfield><subfield code="b">K. Grendyszyński,</subfield><subfield code="c">1894]</subfield><subfield code="e">([Petersburg :</subfield><subfield code="f">S. Kornatowski]).</subfield></datafield><datafield ind1=" " ind2=" " tag="300"><subfield code="a">S. [1], 495-498 ;</subfield><subfield code="c">26 cm.</subfield></datafield><datafield ind1=" " ind2=" " tag="500"><subfield code="a">Wyc.: Charitas : księga zbiorowa wydana na rzecz r.k. Towarzystwa Dobroczynności przy kościele św. Katarzyny w Petersburgu.</subfield></datafield><datafield ind1=" " ind2=" " tag="500"><subfield code="a">Nazwa aut. pod tekstem.</subfield></datafield><datafield ind1=" " ind2=" " tag="500"><subfield code="a">Opis wg nagł.</subfield></datafield><datafield ind1="4" ind2=" " tag="510"><subfield code="a">Estr XIX. 2 wyd.</subfield><subfield code="c">t. 3 s. 75.</subfield></datafield><datafield ind1=" " ind2=" " tag="691"><subfield code="1">Hist.</subfield><subfield code="3">Polska.</subfield><subfield code="5">Historiogr.</subfield><subfield code="6">Biogr.</subfield></datafield><datafield ind1=" " ind2=" " tag="902"><subfield code="a">121219</subfield><subfield code="c">981005</subfield><subfield code="d">m</subfield><subfield code="e">a</subfield><subfield code="f">-</subfield><subfield code="g">0</subfield></datafield><datafield ind1=" " ind2=" " tag="907"><subfield code="b">bk   </subfield><subfield code="c">-</subfield></datafield><datafield ind1=" " ind2=" " tag="960"><subfield code="a">III 2.054.623</subfield><subfield code="c">bk   </subfield><subfield code="h">Kras. 64007</subfield><subfield code="i">Z 150,00</subfield><subfield code="l">-</subfield><subfield code="o">1</subfield></datafield><datafield ind1=" " ind2=" " tag="996"><subfield code="a">.b11518017</subfield></datafield><datafield ind1=" " ind2=" " tag="998"><subfield code="a">o</subfield></datafield><datafield ind1=" " ind2=" " tag="999"><subfield code="a">as</subfield><subfield code="b">zb</subfield><subfield code="b">bm</subfield></datafield><datafield ind1=" " ind2=" " tag="999"><subfield code="a">sawi</subfield></datafield></record>