</MetadataObject><PersonObject OrderIndex="42" PartyRelation="CREATOR"><PartyName>Adolf Pawiński</PartyName><Identifiers><Identifier>1000021610025</Identifier><Scope>TEL</Scope></Identifiers><LifePeriod><Start><Time>-4102444800000</Time><Granularity>YEAR</Granularity><Uncertain>false</Uncertain></Start><End><Time>-2335219200000</Time><Granularity>YEAR</Granularity><Uncertain>false</Uncertain></End></LifePeriod><FirstNames>Adolf</FirstNames><Surname>Pawiński</Surname></PersonObject><LinkObject FieldSource="TEL" LinkTarget="CATALOGUE_RECORD" OrderIndex="54"><Url>http://alpha.bn.org.pl/record=b1151801*pol</Url><LinkStatus>NOT_CHECKED</LinkStatus></LinkObject></MetadataRecord>
<MetadataRecord xmlns="http://theeuropeanlibrary.org/internal_object_model" ID="2000048755500"><BibliographicLevelObject OrderIndex="38">MONOGRAPH</BibliographicLevelObject><CatalogingFormObject OrderIndex="37">ISBD</CatalogingFormObject><TitleObject OrderIndex="41" TitleType="MAIN"><Title>Der Gelehrte in der deutschen Vergangenheit</Title></TitleObject><IdentifierObject IdentifierType="LOCAL_IDENTIFIER" OrderIndex="28"><Identifier>b11518820</Identifier></IdentifierObject><IdentifierObject IdentifierType="OAIPMH" OrderIndex="30"><Identifier>urn:theeuropeanlibrary.org:a0232:b11518820</Identifier></IdentifierObject><IdentifierObject IdentifierType="LOCAL_IDENTIFIER" OrderIndex="40"><Identifier>b11518820</Identifier><Scope>a0232</Scope></IdentifierObject><IdentifierObject ContextLevel="RECORD" FieldSource="TEL" OrderIndex="55" PartyIdentifierType="TEL"><Identifier>1000020957780</Identifier><Scope>TEL</Scope></IdentifierObject><IdentifierObject ContextLevel="RECORD" FieldSource="TEL" OrderIndex="56" PartyIdentifierType="TEL"><Identifier>2000073070159</Identifier><Scope>TEL</Scope></IdentifierObject><IdentifierObject ContextLevel="RECORD" FieldSource="TEL" OrderIndex="57" SpatialIdentifierType="TEL"><Identifier>1000005837350</Identifier><Scope>TEL</Scope></IdentifierObject><IdentifierObject ContextLevel="CONTENT" FieldSource="TEL" OrderIndex="58" SpatialIdentifierType="TEL"><Identifier>1000005921967</Identifier><Scope>TEL</Scope></IdentifierObject><IllustrationsObject OrderIndex="35">ILLUSTRATIONS</IllustrationsObject><IllustrationsObject OrderIndex="36">NO_ILLUSTRATIONS</IllustrationsObject><SpatialEntityObject OrderIndex="47" SpatialRelation="PUBLICATION"><Identifiers><Identifier>DE</Identifier><Scope>ISO3166</Scope></Identifiers></SpatialEntityObject><NamedPlaceObject OrderIndex="45" SpatialRelation="PUBLICATION"><Identifiers><Identifier>1000005837350</Identifier><Scope>TEL</Scope></Identifiers><PlaceName>Leipzig</PlaceName></NamedPlaceObject><NamedPlaceObject OrderIndex="49" SpatialRelation="SUBJECT"><Identifiers><Identifier>1000005921967</Identifier><Scope>TEL</Scope></Identifiers><PlaceName>Niemcy</PlaceName><Subject><GeneralSubdivision>kultura</GeneralSubdivision><ChronologicalSubdivision><Instant><Time>-61649337600000</Time><Granularity>MONTH</Granularity><Uncertain>false</Uncertain></Instant></ChronologicalSubdivision></Subject></NamedPlaceObject><PrintTypeObject OrderIndex="34">PRINTED</PrintTypeObject><ProvenanceObject OrderIndex="31"><CollectionId>a0232</CollectionId><ProviderId>P01214</ProviderId></ProvenanceObject><StatusObject OrderIndex="27">UPDATED</StatusObject><TextObject OrderIndex="50" TextRelation="FORMAT_UNCONTROLED"><Content>il. ;</Content></TextObject><TextObject OrderIndex="51" TextRelation="EXTENT"><Content>143, [1] s., [2] s. tabl., [1] k. tabl. :</Content></TextObject><TextObject OrderIndex="52" TextRelation="EXTENT"><Content>28 cm.</Content></TextObject><TextObject NoteType="EXTERNAL_INDEXES" OrderIndex="53" TextRelation="NOTE"><Content>GV 1700-1910. Bd. 115 s. 168.</Content></TextObject><OrganizationObject OrderIndex="46" PartyRelation="PUBLISHER"><PartyName>E. Diederich</PartyName></OrganizationObject><LanguageObject LanguageRelation="LANGUAGE_OF_CONTENT" OrderIndex="44">GER</LanguageObject><ResourceTypeObject OrderIndex="33">TEXT</ResourceTypeObject><TopicObject OrderIndex="48"><ChronologicalSubdivision><Instant><Time>-61649337600000</Time><Granularity>MONTH</Granularity><Uncertain>false</Uncertain></Instant></ChronologicalSubdivision><GeographicSubdivision><NamedPlace><Identifiers><Identifier>1000005921967</Identifier><Scope>TEL</Scope></Identifiers><PlaceName>Niemcy</PlaceName></NamedPlace></GeographicSubdivision><TopicName>Nauka</TopicName></TopicObject><AudienceObject OrderIndex="39">UNKNOW</AudienceObject><InstantObject OrderIndex="29" TemporalRelation="OP_LOADED"><Time>1358943203000</Time><Granularity>SECOND</Granularity><Uncertain>false</Uncertain></InstantObject><InstantObject OrderIndex="43" TemporalRelation="PUBLICATION"><Time>-2208988800000</Time><Granularity>YEAR</Granularity><Uncertain>false</Uncertain></InstantObject><MetadataObject FieldSource="PROVIDER" Format="marc21" OrderIndex="32"><record xmlns="info:lc/xmlns/marcxchange-v1"><leader>00895nam a2200253 i 4500</leader><controlfield tag="001">b11518820</controlfield><controlfield tag="008">981002s1900    gw a         |000 0 ger  </controlfield><datafield ind1=" " ind2=" " tag="040"><subfield code="a">WA N</subfield><subfield code="c">WA N</subfield></datafield><datafield ind1="1" ind2=" " tag="100"><subfield code="a">Reicke, Emil</subfield><subfield code="d">(1865-1950).</subfield></datafield><datafield ind1="1" ind2="4" tag="245"><subfield code="a">Der Gelehrte in der deutschen Vergangenheit /</subfield><subfield code="c">Emil Reicke.</subfield></datafield><datafield ind1=" " ind2=" " tag="260"><subfield code="a">Leipzig :</subfield><subfield code="b">E. Diederich,</subfield><subfield code="c">1900.</subfield></datafield><datafield ind1=" " ind2=" " tag="300"><subfield code="a">143, [1] s., [2] s. tabl., [1] k. tabl. :</subfield><subfield code="b">il. ;</subfield><subfield code="c">28 cm.</subfield></datafield><datafield ind1="1" ind2=" " tag="490"><subfield code="a">Monographien zur Deutschen Kulturgeschichte ;</subfield><subfield code="v">Bd. 7</subfield></datafield><datafield ind1="4" ind2=" " tag="510"><subfield code="a">GV 1700-1910</subfield><subfield code="c">Bd. 115 s. 168.</subfield></datafield><datafield ind1=" " ind2="4" tag="650"><subfield code="a">Nauka</subfield><subfield code="z">Niemcy</subfield><subfield code="y">15-18 w.</subfield></datafield><datafield ind1=" " ind2="4" tag="651"><subfield code="a">Niemcy</subfield><subfield code="x">kultura</subfield><subfield code="y">15-18 w.</subfield></datafield><datafield ind1=" " ind2="0" tag="830"><subfield code="a">Monographien zur Deutschen Kulturgeschichte ;</subfield><subfield code="v">Bd. 7</subfield></datafield><datafield ind1=" " ind2=" " tag="902"><subfield code="a">121211</subfield><subfield code="c">981005</subfield><subfield code="d">m</subfield><subfield code="e">a</subfield><subfield code="f">-</subfield><subfield code="g">0</subfield></datafield><datafield ind1=" " ind2=" " tag="907"><subfield code="b">multi</subfield><subfield code="c">-</subfield></datafield><datafield ind1=" " ind2=" " tag="960"><subfield code="a">III 2.051.172</subfield><subfield code="c">bk   </subfield><subfield code="h">Kras. 42095</subfield><subfield code="i">Z 500,00</subfield><subfield code="l">-</subfield><subfield code="o">1</subfield></datafield><datafield ind1=" " ind2=" " tag="960"><subfield code="a">5.352</subfield><subfield code="c">bzdk </subfield><subfield code="h">st. z.</subfield><subfield code="i">Z 0,00</subfield><subfield code="l">-</subfield><subfield code="o">1</subfield></datafield><datafield ind1=" " ind2=" " tag="996"><subfield code="a">.b11518820</subfield></datafield><datafield ind1=" " ind2=" " tag="998"><subfield code="a">ik</subfield><subfield code="a">o</subfield></datafield><datafield ind1=" " ind2=" " tag="999"><subfield code="a">jk</subfield><subfield code="b">as</subfield><subfield code="b">bm</subfield></datafield></record>