</MetadataObject><PersonObject OrderIndex="39" PartyRelation="CREATOR"><PartyName>Henryk Radziszewski</PartyName><Identifiers><Identifier>2000076713929</Identifier><Scope>TEL</Scope></Identifiers><LifePeriod><Start><Time>-3060979200000</Time><Granularity>YEAR</Granularity><Uncertain>false</Uncertain></Start><End><Time>-1483228800000</Time><Granularity>YEAR</Granularity><Uncertain>false</Uncertain></End></LifePeriod><FirstNames>Henryk</FirstNames><Surname>Radziszewski</Surname></PersonObject><LinkObject FieldSource="TEL" LinkTarget="CATALOGUE_RECORD" OrderIndex="48"><Url>http://alpha.bn.org.pl/record=b1151870*pol</Url><LinkStatus>NOT_CHECKED</LinkStatus></LinkObject></MetadataRecord>
<MetadataRecord xmlns="http://theeuropeanlibrary.org/internal_object_model" ID="2000048755511"><BibliographicLevelObject OrderIndex="37">MONOGRAPH</BibliographicLevelObject><CatalogingFormObject OrderIndex="36">ISBD</CatalogingFormObject><TitleObject OrderIndex="40" TitleType="MAIN"><Title>Żywot Tadeusza Kościuszki</Title></TitleObject><IdentifierObject IdentifierType="LOCAL_IDENTIFIER" OrderIndex="28"><Identifier>b11518935</Identifier></IdentifierObject><IdentifierObject IdentifierType="OAIPMH" OrderIndex="30"><Identifier>urn:theeuropeanlibrary.org:a0232:b11518935</Identifier></IdentifierObject><IdentifierObject IdentifierType="LOCAL_IDENTIFIER" OrderIndex="39"><Identifier>b11518935</Identifier><Scope>a0232</Scope></IdentifierObject><IdentifierObject ContextLevel="CONTENT" FieldSource="TEL" OrderIndex="55" PartyIdentifierType="TEL"><Identifier>1000020816849</Identifier><Scope>TEL</Scope></IdentifierObject><IllustrationsObject OrderIndex="35">NO_ILLUSTRATIONS</IllustrationsObject><SpatialEntityObject OrderIndex="46" SpatialRelation="PUBLICATION"><Identifiers><Identifier>PL</Identifier><Scope>ISO3166</Scope></Identifiers></SpatialEntityObject><NamedPlaceObject OrderIndex="44" SpatialRelation="PUBLICATION"><PlaceName>Kraków</PlaceName></NamedPlaceObject><NamedPlaceObject OrderIndex="49" SpatialRelation="SUBJECT"><PlaceName>Polska</PlaceName><Subject><ChronologicalSubdivision><Instant><Time>-61552137600000</Time><Granularity>MONTH</Granularity><Uncertain>false</Uncertain></Instant></ChronologicalSubdivision></Subject></NamedPlaceObject><PrintTypeObject OrderIndex="34">PRINTED</PrintTypeObject><ProvenanceObject OrderIndex="31"><CollectionId>a0232</CollectionId><ProviderId>P01214</ProviderId></ProvenanceObject><StatusObject OrderIndex="27">UPDATED</StatusObject><TextObject OrderIndex="51" TextRelation="EXTENT"><Content>62 s. ;</Content></TextObject><TextObject OrderIndex="52" TextRelation="EXTENT"><Content>18 cm.</Content></TextObject><TextObject NoteType="GENERAL" OrderIndex="53" TextRelation="NOTE"><Content>(Na setną rocznicę zgonu 1817-1917).</Content></TextObject><OrganizationObject OrderIndex="45" PartyRelation="PUBLISHER"><PartyName>Spółka Wydaw. Nacz. Zarządu Ligi Kobiet N.K.N.</PartyName></OrganizationObject><LanguageObject LanguageRelation="LANGUAGE_OF_CONTENT" OrderIndex="43">POL</LanguageObject><ResourceTypeObject OrderIndex="33">TEXT</ResourceTypeObject><TopicObject OrderIndex="48"><GeneralSubdivision>biografie</GeneralSubdivision><ChronologicalSubdivision><Instant><Time>-61552137600000</Time><Granularity>MONTH</Granularity><Uncertain>false</Uncertain></Instant></ChronologicalSubdivision><GeographicSubdivision><NamedPlace><PlaceName>Polska</PlaceName></NamedPlace></GeographicSubdivision><TopicName>Wojsko</TopicName></TopicObject><TopicObject OrderIndex="50"><TopicName>Wydawnictwa popularne</TopicName></TopicObject><AudienceObject OrderIndex="38">UNKNOW</AudienceObject><InstantObject OrderIndex="29" TemporalRelation="OP_LOADED"><Time>1358943206000</Time><Granularity>SECOND</Granularity><Uncertain>false</Uncertain></InstantObject><InstantObject OrderIndex="42" TemporalRelation="PUBLICATION"><Time>-1672531200000</Time><Granularity>YEAR</Granularity><Uncertain>false</Uncertain></InstantObject><MetadataObject FieldSource="PROVIDER" Format="marc21" OrderIndex="32"><record xmlns="info:lc/xmlns/marcxchange-v1"><leader>00912nam a2200265 i 4500</leader><controlfield tag="001">b11518935</controlfield><controlfield tag="008">981002s1917    pl           |000 0 pol  </controlfield><datafield ind1=" " ind2=" " tag="040"><subfield code="a">WA N</subfield><subfield code="c">WA N</subfield></datafield><datafield ind1="1" ind2=" " tag="100"><subfield code="a">Parvi, Maria Taida.</subfield></datafield><datafield ind1="1" ind2="0" tag="245"><subfield code="a">Żywot Tadeusza Kościuszki /</subfield><subfield code="c">napisała M. T. Parvi-Błotnicka.</subfield></datafield><datafield ind1=" " ind2=" " tag="260"><subfield code="a">Kraków :</subfield><subfield code="b">Spółka Wydaw. Nacz. Zarządu Ligi Kobiet N.K.N.,</subfield><subfield code="c">1917</subfield><subfield code="e">(Kraków :</subfield><subfield code="f">Druk. Ludowa).</subfield></datafield><datafield ind1=" " ind2=" " tag="300"><subfield code="a">62 s. ;</subfield><subfield code="c">18 cm.</subfield></datafield><datafield ind1=" " ind2=" " tag="500"><subfield code="a">(Na setną rocznicę zgonu 1817-1917).</subfield></datafield><datafield ind1="1" ind2="4" tag="600"><subfield code="a">Kościuszko, Tadeusz</subfield><subfield code="d">(1746-1817)</subfield></datafield><datafield ind1=" " ind2="4" tag="650"><subfield code="a">Wojsko</subfield><subfield code="x">biografie</subfield><subfield code="z">Polska</subfield><subfield code="y">18-19 w.</subfield></datafield><datafield ind1=" " ind2="4" tag="651"><subfield code="a">Polska</subfield><subfield code="y">18-19 w.</subfield></datafield><datafield ind1=" " ind2="4" tag="655"><subfield code="a">Wydawnictwa popularne</subfield></datafield><datafield ind1=" " ind2=" " tag="902"><subfield code="a">121211</subfield><subfield code="c">981005</subfield><subfield code="d">m</subfield><subfield code="e">a</subfield><subfield code="f">-</subfield><subfield code="g">0</subfield></datafield><datafield ind1=" " ind2=" " tag="907"><subfield code="b">bk   </subfield><subfield code="c">-</subfield></datafield><datafield ind1=" " ind2=" " tag="960"><subfield code="a">I 2.049.055</subfield><subfield code="c">bk   </subfield><subfield code="h">Kras. 76227</subfield><subfield code="i">Z 500,00</subfield><subfield code="l">-</subfield><subfield code="o">1</subfield></datafield><datafield ind1=" " ind2=" " tag="960"><subfield code="a">I 1.464.829 A</subfield><subfield code="c">bk   </subfield><subfield code="h">1982 w 628/27</subfield><subfield code="i">Z 0,00</subfield><subfield code="l">-</subfield><subfield code="o">0</subfield></datafield><datafield ind1=" " ind2=" " tag="996"><subfield code="a">.b11518935</subfield></datafield><datafield ind1=" " ind2=" " tag="998"><subfield code="a">ik</subfield><subfield code="a">o</subfield></datafield><datafield ind1=" " ind2=" " tag="999"><subfield code="a">as</subfield><subfield code="b">zb</subfield><subfield code="b">bm</subfield></datafield><datafield ind1=" " ind2=" " tag="999"><subfield code="a">sawi</subfield></datafield></record>