</MetadataObject><PersonObject OrderIndex="41" PartyRelation="CREATOR"><PartyName>Maria Taida. Parvi</PartyName><FirstNames>Maria Taida.</FirstNames><Surname>Parvi</Surname></PersonObject><PersonObject OrderIndex="47" PartyRelation="SUBJECT"><PartyName>Tadeusz Kościuszko</PartyName><Identifiers><Identifier>1000020816849</Identifier><Scope>TEL</Scope></Identifiers><LifePeriod><Start><Time>-7068729600000</Time><Granularity>YEAR</Granularity><Uncertain>false</Uncertain></Start><End><Time>-4828204800000</Time><Granularity>YEAR</Granularity><Uncertain>false</Uncertain></End></LifePeriod><FirstNames>Tadeusz</FirstNames><Surname>Kościuszko</Surname></PersonObject><LinkObject FieldSource="TEL" LinkTarget="CATALOGUE_RECORD" OrderIndex="54"><Url>http://alpha.bn.org.pl/record=b1151893*pol</Url><LinkStatus>NOT_CHECKED</LinkStatus></LinkObject></MetadataRecord>
<MetadataRecord xmlns="http://theeuropeanlibrary.org/internal_object_model" ID="2000048755467"><BibliographicLevelObject OrderIndex="35">MONOGRAPH</BibliographicLevelObject><CatalogingFormObject OrderIndex="34">ISBD</CatalogingFormObject><TitleObject OrderIndex="39" TitleType="MAIN"><Title>Gieografja militarna Królestwa Polskiego</Title><SubTitle>szkic</SubTitle></TitleObject><IdentifierObject IdentifierType="LOCAL_IDENTIFIER" OrderIndex="26"><Identifier>b11518492</Identifier></IdentifierObject><IdentifierObject IdentifierType="OAIPMH" OrderIndex="28"><Identifier>urn:theeuropeanlibrary.org:a0232:b11518492</Identifier></IdentifierObject><IdentifierObject IdentifierType="LOCAL_IDENTIFIER" OrderIndex="37"><Identifier>b11518492</Identifier><Scope>a0232</Scope></IdentifierObject><IdentifierObject ContextLevel="RECORD" FieldSource="TEL" OrderIndex="51" SpatialIdentifierType="TEL"><Identifier>1000001587202</Identifier><Scope>TEL</Scope></IdentifierObject><IllustrationsObject OrderIndex="33">NO_ILLUSTRATIONS</IllustrationsObject><SpatialEntityObject OrderIndex="45" SpatialRelation="PUBLICATION"><Identifiers><Identifier>PL</Identifier><Scope>ISO3166</Scope></Identifiers></SpatialEntityObject><NamedPlaceObject OrderIndex="43" SpatialRelation="PUBLICATION"><Identifiers><Identifier>1000001587202</Identifier><Scope>TEL</Scope></Identifiers><PlaceName>Warszawa</PlaceName></NamedPlaceObject><NamedPlaceObject OrderIndex="47" SpatialRelation="SUBJECT"><PlaceName>Zabór rosyjski</PlaceName><Subject><GeneralSubdivision>geografia</GeneralSubdivision></Subject></NamedPlaceObject><PrintTypeObject OrderIndex="32">PRINTED</PrintTypeObject><ProvenanceObject OrderIndex="29"><CollectionId>a0232</CollectionId><ProviderId>P01214</ProviderId></ProvenanceObject><StatusObject OrderIndex="25">UPDATED</StatusObject><TextObject OrderIndex="38" TextRelation="STATEMENT_OF_RESPONSIBILITY"><Content>napisał Z. Mieczysławski [pseud.].</Content></TextObject><TextObject OrderIndex="48" TextRelation="EXTENT"><Content>36 s. ;</Content></TextObject><TextObject OrderIndex="49" TextRelation="EXTENT"><Content>15 cm.</Content></TextObject><OrganizationObject OrderIndex="44" PartyRelation="PUBLISHER"><PartyName>"Życie"</PartyName></OrganizationObject><LanguageObject LanguageRelation="LANGUAGE_OF_CONTENT" OrderIndex="42">POL</LanguageObject><ResourceTypeObject OrderIndex="31">TEXT</ResourceTypeObject><TopicObject OrderIndex="46"><ChronologicalSubdivision><Instant><Time>-61536240000000</Time><Granularity>YEAR</Granularity><Uncertain>false</Uncertain></Instant></ChronologicalSubdivision><GeographicSubdivision><NamedPlace><PlaceName>Polska</PlaceName></NamedPlace></GeographicSubdivision><TopicName>Geografia wojenna</TopicName></TopicObject><AudienceObject OrderIndex="36">UNKNOW</AudienceObject><InstantObject OrderIndex="27" TemporalRelation="OP_LOADED"><Time>1358943205000</Time><Granularity>SECOND</Granularity><Uncertain>false</Uncertain></InstantObject><InstantObject OrderIndex="41" TemporalRelation="PUBLICATION"><Time>-1893456000000</Time><Granularity>YEAR</Granularity><Uncertain>false</Uncertain></InstantObject><MetadataObject FieldSource="PROVIDER" Format="marc21" OrderIndex="30"><record xmlns="info:lc/xmlns/marcxchange-v1"><leader>00962nam a2200253 i 4500</leader><controlfield tag="001">b11518492</controlfield><controlfield tag="008">981002s1910    pl           |000 0 pol  </controlfield><datafield ind1=" " ind2=" " tag="040"><subfield code="a">WA N</subfield><subfield code="c">WA N</subfield></datafield><datafield ind1="1" ind2=" " tag="100"><subfield code="a">Piłsudski, Józef</subfield><subfield code="d">(1867-1935).</subfield></datafield><datafield ind1="1" ind2="0" tag="245"><subfield code="a">Gieografja militarna Królestwa Polskiego :</subfield><subfield code="b">szkic /</subfield><subfield code="c">napisał Z. Mieczysławski [pseud.].</subfield></datafield><datafield ind1=" " ind2=" " tag="260"><subfield code="a">Warszawa :</subfield><subfield code="b">"Życie",</subfield><subfield code="c">1910</subfield><subfield code="e">(Kraków :</subfield><subfield code="f">Druk. Ludowa).</subfield></datafield><datafield ind1=" " ind2=" " tag="300"><subfield code="a">36 s. ;</subfield><subfield code="c">15 cm.</subfield></datafield><datafield ind1="1" ind2=" " tag="490"><subfield code="a">Bibljoteczka Popularna "Życia" ;</subfield><subfield code="v">ks. 9</subfield></datafield><datafield ind1=" " ind2="4" tag="650"><subfield code="a">Geografia wojenna</subfield><subfield code="z">Polska</subfield><subfield code="y">20 w.</subfield></datafield><datafield ind1=" " ind2="4" tag="651"><subfield code="a">Zabór rosyjski</subfield><subfield code="x">geografia</subfield></datafield><datafield ind1=" " ind2="0" tag="830"><subfield code="a">Biblioteczka Popularna ”Życia“ ;</subfield><subfield code="v">ks. 9</subfield></datafield><datafield ind1=" " ind2=" " tag="902"><subfield code="a">121211</subfield><subfield code="c">981005</subfield><subfield code="d">m</subfield><subfield code="e">a</subfield><subfield code="f">-</subfield><subfield code="g">0</subfield></datafield><datafield ind1=" " ind2=" " tag="907"><subfield code="b">bk   </subfield><subfield code="c">-</subfield></datafield><datafield ind1=" " ind2=" " tag="960"><subfield code="a">I 127.439</subfield><subfield code="c">bk   </subfield><subfield code="d">30001003629161</subfield><subfield code="h">1952 d 668/118</subfield><subfield code="i">Z 0,00</subfield><subfield code="l">-</subfield><subfield code="o">1</subfield></datafield><datafield ind1=" " ind2=" " tag="960"><subfield code="a">I 144.477</subfield><subfield code="c">bk   </subfield><subfield code="d">30001003155993</subfield><subfield code="h">1949 d 705</subfield><subfield code="i">Z 0,00</subfield><subfield code="l">-</subfield><subfield code="o">1</subfield></datafield><datafield ind1=" " ind2=" " tag="960"><subfield code="a">I 2.074.727 A</subfield><subfield code="c">bk   </subfield><subfield code="h">Kras. 73615</subfield><subfield code="i">Z 150,00</subfield><subfield code="l">-</subfield><subfield code="o">0</subfield></datafield><datafield ind1=" " ind2=" " tag="996"><subfield code="a">.b11518492</subfield></datafield><datafield ind1=" " ind2=" " tag="998"><subfield code="a">ik</subfield><subfield code="a">o</subfield></datafield><datafield ind1=" " ind2=" " tag="999"><subfield code="a">as</subfield><subfield code="b">zb</subfield><subfield code="b">ae</subfield></datafield></record>