</MetadataObject><PersonObject OrderIndex="40" PartyRelation="CREATOR"><PartyName>Józef Piłsudski</PartyName><LifePeriod><Start><Time>-3250368000000</Time><Granularity>YEAR</Granularity><Uncertain>false</Uncertain></Start><End><Time>-1104537600000</Time><Granularity>YEAR</Granularity><Uncertain>false</Uncertain></End></LifePeriod><FirstNames>Józef</FirstNames><Surname>Piłsudski</Surname></PersonObject><LinkObject FieldSource="TEL" LinkTarget="CATALOGUE_RECORD" OrderIndex="50"><Url>http://alpha.bn.org.pl/record=b1151849*pol</Url><LinkStatus>NOT_CHECKED</LinkStatus></LinkObject></MetadataRecord>
<MetadataRecord xmlns="http://theeuropeanlibrary.org/internal_object_model" ID="2000048755487"><BibliographicLevelObject OrderIndex="37">MONOGRAPH</BibliographicLevelObject><CatalogingFormObject OrderIndex="36">ISBD</CatalogingFormObject><TitleObject OrderIndex="41" TitleType="MAIN"><Title>Philosophie gegen naturwissenschaftliche Ueberhebung</Title><SubTitle>eine Burechtweilung des dr. med. Geo. Stiebeling und seiner angeblichen Wiederlegung der Hartmann'schen Lehre vom Unbewussten in der Leiblichkeit</SubTitle></TitleObject><IdentifierObject IdentifierType="LOCAL_IDENTIFIER" OrderIndex="28"><Identifier>b11518698</Identifier></IdentifierObject><IdentifierObject IdentifierType="OAIPMH" OrderIndex="30"><Identifier>urn:theeuropeanlibrary.org:a0232:b11518698</Identifier></IdentifierObject><IdentifierObject IdentifierType="LOCAL_IDENTIFIER" OrderIndex="39"><Identifier>b11518698</Identifier><Scope>a0232</Scope></IdentifierObject><IdentifierObject ContextLevel="RECORD" FieldSource="TEL" OrderIndex="55" PartyIdentifierType="TEL"><Identifier>2000072887713</Identifier><Scope>TEL</Scope></IdentifierObject><IdentifierObject ContextLevel="RECORD" FieldSource="TEL" OrderIndex="56" PartyIdentifierType="TEL"><Identifier>1000000879891</Identifier><Scope>TEL</Scope></IdentifierObject><IdentifierObject ContextLevel="RECORD" FieldSource="TEL" OrderIndex="57" SpatialIdentifierType="TEL"><Identifier>1000010290086</Identifier><Scope>TEL</Scope></IdentifierObject><IllustrationsObject OrderIndex="35">NO_ILLUSTRATIONS</IllustrationsObject><SpatialEntityObject OrderIndex="48" SpatialRelation="PUBLICATION"><Identifiers><Identifier>DE</Identifier><Scope>ISO3166</Scope></Identifiers></SpatialEntityObject><NamedPlaceObject OrderIndex="46" SpatialRelation="PUBLICATION"><Identifiers><Identifier>1000010290086</Identifier><Scope>TEL</Scope></Identifiers><PlaceName>Berlin</PlaceName></NamedPlaceObject><PrintTypeObject OrderIndex="34">PRINTED</PrintTypeObject><ProvenanceObject OrderIndex="31"><CollectionId>a0232</CollectionId><ProviderId>P01214</ProviderId></ProvenanceObject><StatusObject OrderIndex="27">UPDATED</StatusObject><TextObject OrderIndex="40" TextRelation="STATEMENT_OF_RESPONSIBILITY"><Content>von A. T. [krypt.].</Content></TextObject><TextObject OrderIndex="50" TextRelation="EXTENT"><Content>[4], 104 s. ;</Content></TextObject><TextObject OrderIndex="51" TextRelation="EXTENT"><Content>21 cm.</Content></TextObject><TextObject NoteType="GENERAL" OrderIndex="52" TextRelation="NOTE"><Content>Kat. Kras. hasło: A. T.</Content></TextObject><TextObject NoteType="EXTERNAL_INDEXES" OrderIndex="53" TextRelation="NOTE"><Content>NUC Pre-1956. vol. 584 s. 1.</Content></TextObject><OrganizationObject ContributionType="PUBLISHER" OrderIndex="43" PartyRelation="CONTRIBUTOR"><PartyName>Carl Duncker's Verlag.</PartyName><Subdivision/></OrganizationObject><OrganizationObject OrderIndex="47" PartyRelation="PUBLISHER"><PartyName>C. Duncker</PartyName></OrganizationObject><LanguageObject LanguageRelation="LANGUAGE_OF_CONTENT" OrderIndex="45">GER</LanguageObject><ResourceTypeObject OrderIndex="33">TEXT</ResourceTypeObject><TopicObject OrderIndex="49"><GeneralSubdivision>filozofia</GeneralSubdivision><TopicName>Przyroda</TopicName></TopicObject><AudienceObject OrderIndex="38">UNKNOW</AudienceObject><InstantObject OrderIndex="29" TemporalRelation="OP_LOADED"><Time>1358943203000</Time><Granularity>SECOND</Granularity><Uncertain>false</Uncertain></InstantObject><InstantObject OrderIndex="44" TemporalRelation="PUBLICATION"><Time>-3092601600000</Time><Granularity>YEAR</Granularity><Uncertain>false</Uncertain></InstantObject><MetadataObject FieldSource="PROVIDER" Format="marc21" OrderIndex="32"><record xmlns="info:lc/xmlns/marcxchange-v1"><leader>00896nam a2200241 i 4500</leader><controlfield tag="001">b11518698</controlfield><controlfield tag="008">981002s1872    gw           |000 0 ger  </controlfield><datafield ind1=" " ind2=" " tag="040"><subfield code="a">WA N</subfield><subfield code="c">WA N</subfield></datafield><datafield ind1="1" ind2=" " tag="100"><subfield code="a">Taubert, Agnes.</subfield></datafield><datafield ind1="1" ind2="0" tag="245"><subfield code="a">Philosophie gegen naturwissenschaftliche Ueberhebung :</subfield><subfield code="b">eine Burechtweilung des dr. med. Geo. Stiebeling und seiner angeblichen Wiederlegung der Hartmann'schen Lehre vom Unbewussten in der Leiblichkeit /</subfield><subfield code="c">von A. T. [krypt.].</subfield></datafield><datafield ind1=" " ind2=" " tag="260"><subfield code="a">Berlin :</subfield><subfield code="b">C. Duncker,</subfield><subfield code="c">1872.</subfield></datafield><datafield ind1=" " ind2=" " tag="300"><subfield code="a">[4], 104 s. ;</subfield><subfield code="c">21 cm.</subfield></datafield><datafield ind1=" " ind2=" " tag="500"><subfield code="a">Kat. Kras. hasło: A. T.</subfield></datafield><datafield ind1="4" ind2=" " tag="510"><subfield code="a">NUC Pre-1956</subfield><subfield code="c">vol. 584 s. 1.</subfield></datafield><datafield ind1=" " ind2="4" tag="650"><subfield code="a">Przyroda</subfield><subfield code="x">filozofia</subfield></datafield><datafield ind1="2" ind2=" " tag="710"><subfield code="a">Carl Duncker's Verlag.</subfield><subfield code="4">pbl</subfield></datafield><datafield ind1=" " ind2=" " tag="902"><subfield code="a">130102</subfield><subfield code="c">981005</subfield><subfield code="d">m</subfield><subfield code="e">a</subfield><subfield code="f">-</subfield><subfield code="g">0</subfield></datafield><datafield ind1=" " ind2=" " tag="907"><subfield code="b">bk   </subfield><subfield code="c">-</subfield></datafield><datafield ind1=" " ind2=" " tag="960"><subfield code="a">II 2.027.002</subfield><subfield code="c">bk   </subfield><subfield code="d">30001012376610</subfield><subfield code="h">Kras. 72393</subfield><subfield code="i">Z 500,00</subfield><subfield code="l">-</subfield><subfield code="o">1</subfield></datafield><datafield ind1=" " ind2=" " tag="996"><subfield code="a">.b11518698</subfield></datafield><datafield ind1=" " ind2=" " tag="998"><subfield code="a">ik</subfield><subfield code="a">o</subfield></datafield><datafield ind1=" " ind2=" " tag="999"><subfield code="a">as</subfield><subfield code="b">zb</subfield><subfield code="b">ae</subfield></datafield><datafield ind1=" " ind2=" " tag="999"><subfield code="a">anku</subfield></datafield></record>