</MetadataObject><PersonObject OrderIndex="42" PartyRelation="CREATOR"><PartyName>Agnes. Taubert</PartyName><Identifiers><Identifier>2000072887713</Identifier><Scope>TEL</Scope></Identifiers><Identifiers><Identifier>1000000879891</Identifier><Scope>TEL</Scope></Identifiers><FirstNames>Agnes.</FirstNames><Surname>Taubert</Surname></PersonObject><LinkObject FieldSource="TEL" LinkTarget="CATALOGUE_RECORD" OrderIndex="54"><Url>http://alpha.bn.org.pl/record=b1151869*pol</Url><LinkStatus>NOT_CHECKED</LinkStatus></LinkObject></MetadataRecord>
<MetadataRecord xmlns="http://theeuropeanlibrary.org/internal_object_model" ID="2000048755477"><BibliographicLevelObject OrderIndex="33">MONOGRAPH</BibliographicLevelObject><CatalogingFormObject OrderIndex="32">ISBD</CatalogingFormObject><TitleObject OrderIndex="36" TitleType="MAIN"><Title>Itinéraires de Philippe Le Hardi et de Jean Sans Peur ducs de Bourgogne (1363-1419) d'après les comptes de dépenses de Leur Hòtel</Title></TitleObject><IdentifierObject IdentifierType="LOCAL_IDENTIFIER" OrderIndex="24"><Identifier>b11518595</Identifier></IdentifierObject><IdentifierObject IdentifierType="OAIPMH" OrderIndex="26"><Identifier>urn:theeuropeanlibrary.org:a0232:b11518595</Identifier></IdentifierObject><IdentifierObject IdentifierType="LOCAL_IDENTIFIER" OrderIndex="35"><Identifier>b11518595</Identifier><Scope>a0232</Scope></IdentifierObject><IdentifierObject ContextLevel="RECORD" FieldSource="TEL" OrderIndex="47" PartyIdentifierType="TEL"><Identifier>2000074417299</Identifier><Scope>TEL</Scope></IdentifierObject><IdentifierObject ContextLevel="RECORD" FieldSource="TEL" OrderIndex="48" PartyIdentifierType="TEL"><Identifier>2000073778363</Identifier><Scope>TEL</Scope></IdentifierObject><IdentifierObject ContextLevel="RECORD" FieldSource="TEL" OrderIndex="49" PartyIdentifierType="TEL"><Identifier>1000016772958</Identifier><Scope>TEL</Scope></IdentifierObject><IdentifierObject ContextLevel="RECORD" FieldSource="TEL" OrderIndex="50" PartyIdentifierType="TEL"><Identifier>1000012732033</Identifier><Scope>TEL</Scope></IdentifierObject><IdentifierObject ContextLevel="RECORD" FieldSource="TEL" OrderIndex="51" PartyIdentifierType="TEL"><Identifier>1000013626867</Identifier><Scope>TEL</Scope></IdentifierObject><IdentifierObject ContextLevel="RECORD" FieldSource="TEL" OrderIndex="52" SpatialIdentifierType="TEL"><Identifier>1000006057437</Identifier><Scope>TEL</Scope></IdentifierObject><IllustrationsObject OrderIndex="31">NO_ILLUSTRATIONS</IllustrationsObject><SpatialEntityObject OrderIndex="42" SpatialRelation="PUBLICATION"><Identifiers><Identifier>FR</Identifier><Scope>ISO3166</Scope></Identifiers></SpatialEntityObject><NamedPlaceObject OrderIndex="40" SpatialRelation="PUBLICATION"><Identifiers><Identifier>1000006057437</Identifier><Scope>TEL</Scope></Identifiers><PlaceName>Paris</PlaceName></NamedPlaceObject><PrintTypeObject OrderIndex="30">PRINTED</PrintTypeObject><ProvenanceObject OrderIndex="27"><CollectionId>a0232</CollectionId><ProviderId>P01214</ProviderId></ProvenanceObject><StatusObject OrderIndex="23">UPDATED</StatusObject><TextObject OrderIndex="43" TextRelation="EXTENT"><Content>[6], XXXI, [1], 719 s. ;</Content></TextObject><TextObject OrderIndex="44" TextRelation="EXTENT"><Content>28 cm.</Content></TextObject><TextObject NoteType="EXTERNAL_INDEXES" OrderIndex="45" TextRelation="NOTE"><Content>NUC Pre-1956. vol. 453 s. 144.</Content></TextObject><OrganizationObject OrderIndex="41" PartyRelation="PUBLISHER"><PartyName>Impr. Nationale</PartyName></OrganizationObject><LanguageObject LanguageRelation="LANGUAGE_OF_CONTENT" OrderIndex="39">FRE</LanguageObject><ResourceTypeObject OrderIndex="29">TEXT</ResourceTypeObject><AudienceObject OrderIndex="34">UNKNOW</AudienceObject><InstantObject OrderIndex="25" TemporalRelation="OP_LOADED"><Time>1358943206000</Time><Granularity>SECOND</Granularity><Uncertain>false</Uncertain></InstantObject><InstantObject OrderIndex="38" TemporalRelation="PUBLICATION"><Time>-2587680000000</Time><Granularity>YEAR</Granularity><Uncertain>false</Uncertain></InstantObject><MetadataObject FieldSource="PROVIDER" Format="marc21" OrderIndex="28"><record xmlns="info:lc/xmlns/marcxchange-v1"><leader>00856nam a2200217 i 4500</leader><controlfield tag="001">b11518595</controlfield><controlfield tag="008">981002s1888    fr           |000 0 fre d</controlfield><datafield ind1=" " ind2=" " tag="040"><subfield code="a">WA N</subfield><subfield code="c">WA N</subfield></datafield><datafield ind1="1" ind2=" " tag="100"><subfield code="a">Petit, Ernest.</subfield></datafield><datafield ind1="1" ind2="0" tag="245"><subfield code="a">Itinéraires de Philippe Le Hardi et de Jean Sans Peur ducs de Bourgogne (1363-1419) d'après les comptes de dépenses de Leur Hòtel /</subfield><subfield code="c">recueillis et mis en ordre par Ernest Petit.</subfield></datafield><datafield ind1=" " ind2=" " tag="260"><subfield code="a">Paris :</subfield><subfield code="b">Impr. Nationale,</subfield><subfield code="c">1888.</subfield></datafield><datafield ind1=" " ind2=" " tag="300"><subfield code="a">[6], XXXI, [1], 719 s. ;</subfield><subfield code="c">28 cm.</subfield></datafield><datafield ind1="1" ind2=" " tag="490"><subfield code="a">Collection de Documents Inédits sur l'Histoire de France</subfield></datafield><datafield ind1="4" ind2=" " tag="510"><subfield code="a">NUC Pre-1956</subfield><subfield code="c">vol. 453 s. 144.</subfield></datafield><datafield ind1=" " ind2="0" tag="830"><subfield code="a">Collection de Documents Inédits sur l'Histoire de France</subfield></datafield><datafield ind1=" " ind2=" " tag="902"><subfield code="a">121219</subfield><subfield code="c">981005</subfield><subfield code="d">m</subfield><subfield code="e">a</subfield><subfield code="f">-</subfield><subfield code="g">0</subfield></datafield><datafield ind1=" " ind2=" " tag="907"><subfield code="b">bk   </subfield><subfield code="c">-</subfield></datafield><datafield ind1=" " ind2=" " tag="960"><subfield code="a">III 2.051.137</subfield><subfield code="c">bk   </subfield><subfield code="h">Kras. 79037</subfield><subfield code="i">Z 500,00</subfield><subfield code="l">-</subfield><subfield code="o">1</subfield></datafield><datafield ind1=" " ind2=" " tag="996"><subfield code="a">.b11518595</subfield></datafield><datafield ind1=" " ind2=" " tag="998"><subfield code="a">o</subfield></datafield><datafield ind1=" " ind2=" " tag="999"><subfield code="a">as</subfield><subfield code="b">zb</subfield><subfield code="b">bm</subfield></datafield></record></MetadataObject><PersonObject OrderIndex="37" PartyRelation="CREATOR"><PartyName>Ernest. Petit</PartyName><Identifiers><Identifier>1000013626867</Identifier><Scope>TEL</Scope></Identifiers><Identifiers><Identifier>2000073778363</Identifier><Scope>TEL</Scope></Identifiers><Identifiers><Identifier>2000074417299</Identifier><Scope>TEL</Scope></Identifiers><Identifiers><Identifier>1000012732033</Identifier><Scope>TEL</Scope></Identifiers><Identifiers><Identifier>1000016772958</Identifier><Scope>TEL</Scope></Identifiers><FirstNames>Ernest.</FirstNames><Surname>Petit</Surname></PersonObject><LinkObject FieldSource="TEL" LinkTarget="CATALOGUE_RECORD" OrderIndex="46"><Url>http://alpha.bn.org.pl/record=b1151859*pol</Url><LinkStatus>NOT_CHECKED</LinkStatus></LinkObject></MetadataRecord>
</Metadata>